2599 3290
170 236 379 277 minimam
405 241 562 289 partem
587 237 762 288 singulae
788 236 952 277 actionis
978 240 1114 288 partes
1140 236 1393 288 singulaeque
1420 237 1657 286 sententiae,
1684 248 1786 287 quae
1822 248 1912 276 cum
1946 236 2124 277 universo
2156 237 2225 277 illo
2261 250 2353 278 008-

112 293 115 296 *
170 304 260 346 silio
286 306 416 346 minus
443 305 653 346 cohaerere
678 303 893 353 videantur,
920 303 1174 356 explicandae
1201 308 1302 345 sunt.

366 371 507 424 Itaque
532 371 644 412 initio
670 370 917 423 Dicaeopolis
942 370 1205 412 Acharnensis
1240 371 1411 423 primum
1439 370 1623 411 Cleonem
1649 370 1806 420 irridet,
1847 370 1953 423 quod
1987 350 2159 424 quinque
2192 371 2352 413 talentis

170 437 387 479 mulctatus
412 439 577 491 811,(181
612 439 771 491 quidem
794 442 882 479 tum
908 451 1102 478 summam
1127 438 1170 478 18
1196 439 1398 492 republica
1423 443 1560 479 tenens
1600 438 1694 479 belli
1735 439 1907 478 omnium
1946 439 2116 479 maxime
2155 439 2351 479 studiosus

171 505 259 556 fuit,
287 519 376 547 cum
402 506 506 547 bello
531 506 683 547 nefaria
709 507 871 547 consilia
896 506 1039 557 quibus
1067 520 1140 547 sua
1162 511 1318 547 tantum
1350 508 1479 559 ipsius
1499 507 1705 548 commoda
1731 508 1936 559 spectabat
1961 502 2162 560 republica
2186 508 2349 549 turbata

170 573 325 616 facilius
349 574 574 627 pervincere
599 579 753 627 posset3
767 575 799 627 ¹)
839 574 981 616 deinde
1018 575 1246 627 perstringit
1272 588 1359 616 eam
1390 573 1616 627 tragoediae
1643 575 1817 627 artisque
1849 576 2021 616 musicae
2056 575 2222 617 formam
2248 589 2351 628 quae

172 653 199 682 a
238 641 369 694 prisca
408 642 590 696 Aeschyli
629 645 670 682 et
709 642 928 695 Terpandri
968 642 1218 695 simplicitate
1258 645 1299 681 et
1338 641 1528 694 dig-nitate
1567 641 1681 694 longe
1721 642 1982 694 aberraverit,
2020 643 2160 696 quibus
2199 643 2350 685 indicat

170 710 456 761 Aristophanes
483 724 605 762 quam
629 711 740 762 pacis
766 711 976 761 imaginem
995 710 1126 749 animo
1154 710 1228 749 sibi
1243 709 1551 759 conformaverit,
1578 724 1680 761 quae
1692 711 1875 750 malaex
1901 725 1947 751 80
1974 711 2212 763 reipublicae
2238 715 2347 751 statu

171 782 293 830 atque
323 778 545 820 conditione
572 792 651 831 qua
676 783 763 819 tum
789 779 891 819 cives
918 778 979 818 sui
1004 781 1167 818 utantur
1205 779 1441 820 removenda
1474 793 1522 819 ac
1560 779 1772 819 reiicienda
1810 779 1906 829 sint;
1947 794 2045 832 pace
2083 781 2203 832 igitur
2241 781 2349 821 facta

169 847 294 887 etiam
320 846 422 887 haec
447 846 677 898 corrigenda
703 850 744 887 et
771 850 877 887 artes
903 847 1054 898 tragica
1082 850 1122 886 et
1148 847 1296 887 musica
1322 847 1374 887 ad
1400 850 1570 887 veterem
1597 846 1888 898 simplicitatem
1914 848 2222 900 gravitatemque
2249 858 2348 897 eam,

170 926 277 965 quae
302 913 771 956 Marathonomacharum
795 918 974 967 tempore
999 913 1237 967 praevaluit,
1271 914 1515 955 reducendae
1551 918 1677 957 erunt.
1731 914 1832 954 Tum
1857 914 2113 967 Dicaeopolis,
2141 916 2210 968 qui
2234 929 2350 956 mane

174 981 218 1022 in
246 982 471 1024 concionem
497 983 613 1033 venit,
640 981 690 1024 de
716 983 927 1025 solitudine
963 984 1164 1036 queritur:
1202 983 1303 1023 cives
1331 979 1444 1023 enim*
1461 995 1685 1034 quanquam
1721 981 1773 1022 sit
1807 985 1918 1035 κυρία
1945 984 2143 1036 ἐκκλησία,
2182 997 2261 1035 (188
2299 983 2349 1023 (18

173 1050 412 1101 gravissimis
437 1050 556 1091 rebus
583 1051 783 1103 agebatur,
794 1052 826 1104 ²)
868 1053 909 1093 in
946 1052 1032 1093 foro
1071 1058 1226 1104 tempus
1268 1051 1384 1091 rebus
1422 1050 1602 1091 inanibus
1641 1053 1771 1089 terere
1811 1049 1928 1089 malle
1966 1063 2038 1090 nec
2078 1051 2153 1090 nisi
2193 1053 2350 1090 coactos

170 1130 246 1158 nec
272 1118 355 1158 sine
383 1130 534 1158 summo
561 1118 733 1159 tumultu
773 1120 826 1160 ad
867 1121 1091 1162 concionem
1133 1119 1313 1173 compelli
1352 1131 1484 1171 posse,
1524 1117 1633 1170 pacis
1670 1129 1762 1157 vero
1801 1115 2003 1158 faciendae
2043 1130 2179 1158 curam
2216 1129 2352 1170 gerere

173 1186 380 1234 neminem,
408 1186 492 1238 ipse
521 1186 688 1238 denique
716 1188 866 1240 εἰρήνης
890 1190 999 1240 ἓριῦν,
1027 1190 1089 1228 881
1116 1190 1227 1238 81118,
1264 1189 1305 1227 in
1332 1200 1451 1239 quam
1476 1186 1652 1226 homines
1679 1187 1814 1225 rustici
1843 1187 2006 1226 conferti
2047 1192 2176 1237 erant,
2215 1174 2352 1227 odiosa

172 1255 237 1305 sit,
265 1256 409 1308 quippe
425 1255 492 1307 qui
519 1269 665 1308 pagum
692 1270 807 1297 suum
834 1260 874 1297 et
900 1258 1003 1298 vitae
1030 1258 1199 1298 rusticae
1224 1255 1367 1307 gaudia
1392 1254 1453 1295 vel
1479 1254 1648 1293 maxime
1675 1253 1878 1304 desideret,
1906 1255 2037 1295 omnia
2062 1260 2220 1307 praeter
2242 1257 2351 1309 pacis

174 1323 336 1364 decreta
357 1324 520 1366 turbare
547 1324 624 1364 sibi
648 1325 863 1376 proposuit,
891 1338 969 1376 quo
997 1325 1155 1377 quidem
1183 1327 1266 1365 eius
1293 1325 1453 1365 consilio
1482 1337 1528 1363 ea
1569 1336 1670 1374 quae
1696 1336 1821 1374 usque
1849 1322 1901 1362 ad
1941 1337 1975 1365 1.
2016 1323 2093 1363 127
2133 1329 2350 1375 sequuntur

173 1392 275 1433 bene
300 1392 487 1443 explicari
512 1397 687 1443 possunt.
742 1393 879 1445 Itaque
916 1409 949 1436 v.
987 1397 1038 1434 56
1074 1409 1158 1445 sqq.
1200 1393 1438 1445 suffragatur
1464 1392 1699 1444 Amphitheo
1726 1404 1864 1443 pacem
1898 1393 2002 1430 inter
2029 1391 2282 1432 Athenienses
2309 1396 2353 1433 et

175 1460 510 1502 Lacedaemonios
537 1465 723 1512 pactum,
751 1461 909 1501 fraudes
936 1466 977 1502 et
1002 1462 1178 1502 fallacias
1217 1462 1436 1512 legatorum
1476 1461 1526 1500 ab
1553 1460 1854 1501 Atheniensibus
1893 1460 1945 1500 ad
1983 1473 2115 1511 regem
2141 1461 2351 1501 Persarum

172 1528 384 1571 missorum
412 1528 639 1580 indignatur
666 1532 707 1569 et
732 1530 861 1581 aperit
886 1544 920 1573 1.
949 1532 1001 1571 62
1027 1554 1082 1561 -—
1108 1545 1141 1573 1.
1175 1531 1270 1579 127;
1295 1535 1414 1582 atque
1440 1529 1537 1570 illud
1563 1542 1633 1569 cur
1658 1528 1788 1577 faciat,
1815 1531 1999 1579 apparet,
2027 1527 2104 1567 hoc
2129 1540 2220 1567 vero
2245 1527 2351 1568 inter

172 1596 282 1638 mala
307 1596 588 1637 recensendum
615 1600 675 1637 est
699 1597 778 1646 illa,
806 1610 907 1648 quae
934 1598 1081 1638 bellum
1109 1611 1264 1649 semper
1276 1598 1528 1645 comitentur;
1555 1596 1659 1637 bello
1687 1596 1790 1636 enim
1817 1596 1942 1635 socios
1960 1595 2180 1646 comparari
2193 1607 2351 1635 necesse

175 1669 248 1715 881,
275 1665 531 1717 quamobrem
556 1665 676 1717 legati
702 1665 914 1706 mittuntur
941 1667 1008 1717 qui
1034 1666 1075 1705 in
1102 1665 1361 1717 legationibus
1386 1669 1541 1716 tempus
1566 1668 1720 1713 terunt,
1746 1668 1792 1703 ut
1819 1664 1967 1704 civitati
1992 1677 2112 1715 quam
2139 1664 2350 1715 plurimum

172 1733 364 1785 pecuniae
390 1732 582 1783 auferant,
609 1733 730 1773 immo
757 1734 969 1773 mittuntur
995 1734 1047 1773 ad
1073 1720 1283 1774 Persarum
1322 1745 1463 1783 regem,
1503 1746 1528 1772 a
1556 1744 1633 1782 quo
1661 1731 1820 1771 Graecis
1860 1731 2081 1771 bominibus
2120 1731 2217 1770 nihil
2255 1732 2349 1771 boni

174 1801 400 1854 contingere
425 1802 559 1853 possit.
612 1801 713 1842 Tum
740 1802 844 1842 actio
871 1803 1096 1843 comoediae
1119 1804 1177 1843 ita
1203 1803 1391 1855 procedit,
1420 1806 1466 1842 ut
1491 1801 1738 1852 Dicaeopolis
1764 1800 1853 1849 sibi,
1890 1800 2005 1840 uxori
2032 1803 2072 1840 et
2098 1799 2230 1840 liberis
2256 1800 2350 1841 solis

171 1882 313 1922 pacem
340 1883 575 1922 componere
601 1870 824 1921 constituat,
843 1884 933 1911 cum
950 1871 1229 1923 Amphitheum
1255 1885 1281 1911 a
1308 1870 1491 1911 concione
1517 1870 1704 1909 reiectum
1731 1869 1882 1919 videat;
1922 1870 2057 1920 itaque
2097 1883 2131 1908 1
2161 1869 2237 1910 129
2264 1883 2352 1921 8(1(1,

171 1949 221 1979 80
249 1938 410 1979 80881110
436 1937 549 1978 111818
575 1942 799 1980 revocatum
826 1943 915 1980 octo
949 1940 1225 1981 drachmarum
1266 1939 1444 1981 mercede
1484 1938 1535 1979 ad
1560 1937 1888 1978 Lacedaemonios
1928 1936 2068 1986 mittit,
2108 1937 2247 1987 talem,
2287 1939 2352 1978 8111

171 2018 312 2057 pacem
338 2006 469 2046 facere
495 2008 740 2058 propositum
766 2008 837 2057 sit,
864 2008 1098 2059 legationem
1112 2008 1355 2061 probandam
1383 2011 1424 2047 et
1449 2006 1590 2045 merito
1607 2006 1779 2056 praemio
1807 2005 2024 2044 ornandam
2055 2018 2137 2044 esse
2163 2006 2351 2049 indicans.

171 2073 409 2125 Priusquam
437 2078 570 2114 autem
595 2074 661 2115 ille
686 2076 916 2125 revertitur,
943 2076 1046 2116 alter
1071 2077 1204 2128 prodit
1229 2075 1380 2126 legatus
1408 2075 1476 2125 qui
1489 2074 1540 2113 ad
1555 2073 1740 2113 Sitalcam
1754 2074 1950 2132 Thracum
1977 2086 2109 2124 regem
2127 2074 2176 2114 de
2202 2076 2349 2116 auxilio

169 2141 315 2182 missus
342 2145 438 2191 erat,
465 2145 506 2182 81
532 2142 616 2194 11188
642 2142 710 2184 (118
735 2143 778 2184 111
803 2143 973 2184 Thracia
998 2147 1272 2194 commoratus,
1299 2148 1344 2184 ut
1370 2156 1553 2195 magnam
1579 2141 1798 2182 mercedem
1824 2142 2029 2193 acciperet.
2082 2141 2257 2183 Primum
2282 2143 2352 2185 1118

168 2209 361 2262 populum
388 2209 575 2259 ludificat,
602 2223 785 2262 magnam
812 2211 914 2262 regis
941 2211 1025 2250 eius
1050 2212 1263 2252 amicitiam
1297 2224 1390 2262 erga
1415 2210 1671 2250 Athenienses
1694 2210 1944 2261 praedicans,
1985 2214 2032 2249 ut
2071 2211 2238 2251 multum
2277 2224 2354 2253 sua

172 2276 368 2329 legatione
397 2277 578 2318 effectum
603 2291 688 2318 esse
712 2279 880 2329 simulet,
917 2279 1028 2318 cuius
1066 2280 1125 2319 rei
1151 2280 1428 2320 documentum
1466 2278 1606 2318 deinde
1643 2277 1826 2329 producit
1866 2279 2080 2318 exercitum
2114 2279 2346 2319 Thracicum

169 2345 319 2387 auxilio
343 2346 515 2396 missum,
542 2346 612 2387 sed
638 2360 717 2400 (180
744 2347 798 2387 ad
823 2347 972 2387 nullam
998 2346 1117 2387 aliam
1143 2361 1227 2388 rem
1253 2348 1313 2388 uti
1346 2348 1464 2388 liceat
1489 2347 1565 2388 nisi
1589 2351 1636 2386 ut
1660 2346 1842 2386 binarum
1868 2345 2044 2397 quotidie
2070 2345 2346 2387 drachmarum

170 2413 411 2466 stipendium
436 2414 491 2455 eis
516 2414 679 2464 tribuas,
706 2415 775 2465 qui
800 2427 878 2465 quo
905 2415 1036 2455 animo
1063 2416 1143 2455 sint
1170 2429 1216 2455 eo
1242 2416 1378 2456 statim
1416 2415 1609 2463 indicant,
1650 2413 1756 2465 quod
1783 2412 2011 2464 Dicaepolin
2037 2412 2138 2453 alliis
2165 2413 2347 2465 spoliant.

169 2482 303 2522 Etiam
328 2481 404 2521 hoc
429 2481 549 2532 igitur
575 2481 628 2522 ad
653 2481 747 2522 belli
773 2482 879 2522 mala
904 2481 1062 2531 referas,
1090 2483 1197 2533 quod
1211 2483 1465 2523 Athenienses
1491 2483 1615 2522 socios
1629 2482 1887 2521 mercenarios
1906 2481 2123 2521 conducere
2149 2487 2353 2534 cogantur,

168 2549 240 2600 qui
266 2548 427 2599 quidem
452 2549 549 2589 nihil
574 2549 683 2591 aliud
707 2549 783 2590 nisi
807 2562 920 2589 suam
945 2550 1121 2602 ipsorum
1134 2550 1385 2602 voluptatem,
1413 2551 1554 2590 civium
1580 2562 1671 2589 1810
1697 2549 1865 2589 salutem
1878 2548 2036 2588 minime
2054 2552 2200 2599 curent,
2224 2549 2346 2590 immo

168 2616 390 2666 classiariis,
417 2630 442 2658 a
469 2617 610 2669 quibus
635 2617 742 2659 salus
754 2618 923 2659 civitatis
949 2617 1011 2659 181
1024 2619 1194 2659 maxime
1220 2618 1400 2670 pendeat,
1425 2619 1572 2658 iustum
1594 2618 1854 2669 meritumque
1881 2617 2042 2658 demant
2055 2617 2301 2669 stipendium.
2309 2617 2347 2672 ³)

367 2812 571 2853 1)01·.(18118
595 2813 631 2845 0.
655 2813 692 2847 F.
714 2813 920 2846 nen-mmu-
940 2815 975 2846 in
996 2814 1117 2847 Lehrb.
1143 2815 1203 2846 der
1227 2814 1350 2855 griecb.
1374 2813 1592 2846 Staatsaltert.
1618 2813 1647 2853 ξ.
1671 2815 1735 2846 164
1756 2814 1921 2855 expo-uit.

366 2864 467 2904 ²05)
465 2866 536 2897 ,0
559 2866 598 2898 F.
620 2865 795 2899 Hermann.
818 2867 839 2897 1.
861 2866 942 2906 c.§.
965 2868 1039 2905 128,
1062 2868 1094 2899 3.
1119 2868 1322 2900 8011.Μεί81
1343 2868 1377 2898 in
1399 2865 1584 2900 1nd.leett.
1605 2875 1658 2899 un.
1680 2866 1756 2900 Hal.
1781 2865 1911 2907 1835s6.

362 2915 1228 2960 δ)0,1·ν,1621ὑιποστνέοιμέντᾶνὸοθρανείεης
1250 2919 1284 2950 λε
1270 2916 1333 2952 nic

676 2967 693 3002 ὁ
723 2971 889 3002 σωσίπολι
878 2980 918 3005 ι.ς
