2599 3290
1292 140 1331 180 ’,θ

235 278 408 322 medium
433 288 659 329 progressus
668 276 700 330 ¹)
735 276 787 317 ad
813 288 881 317 eos
905 279 1213 326 converteretur,
1253 276 1406 317 nonnisi
1440 275 1618 316 celeriter
1656 289 1740 317 esse
1779 275 1995 328 perfectam
2033 273 2284 317 mendum
2321 278 2392 324 est,

237 354 365 402 nsque
389 346 559 387 ulla-est
583 357 711 394 causa,
737 358 809 385 cm·
832 348 878 385 ut
904 344 1026 387 Kock.
1053 344 1078 385 l.
1104 356 1135 386 c.
1160 358 1202 396 p.
1230 343 1280 384 13
1307 343 1521 385 arbitratus
1548 347 1609 384 est
1632 344 1673 384 in
1700 344 1775 385 hac
1801 348 1843 385 et
1868 342 2195 397 Pac'nparaban‘
2219 354 2391 385 comma-

234 418 335 459 tium
376 415 562 457 omissum
601 427 684 455 esse
724 415 911 456 dicamus.
976 413 1023 454 In
1063 412 1201 453 ceteris
1241 425 1333 452 vero
1369 412 1452 453 viro
1493 412 1609 453 docto
1662 414 1919 463 assentimur,
1969 414 2038 466 qui
2087 413 2135 456 G.
2176 413 2393 454 Her-manni

238 485 473 528 sententiam
499 484 540 524 in
567 485 671 536 epitq
685 479 809 524 doctr.
838 488 950 524 metr.
978 483 1011 534 §.
1040 483 1119 523 653
1145 481 1359 533 prolatam,
1397 494 1477 532 qua
1512 483 1763 522 commatium
1802 496 1828 523 a
1852 482 2070 535 coryphaeo
2095 483 2391 534 pronuntiatum

233 567 319 596 esse
333 556 518 601 censeret,
544 552 679 592 reiecit
705 555 746 591 et
770 551 853 603 ipse
879 564 1014 591 verum
1027 550 1184 602 quidem
1209 550 1470 599 ommatium,
1498 563 1587 590 cum
1613 550 1677 590 hic
1694 551 1910 601 κομμάτιον
1935 552 2076 601 ψευδές
2100 551 2176 591 sibi
2200 551 2392 592 invenisse

235 623 344 664 ‘visus
371 624 483 669 esset,
511 634 537 660 a
562 623 648 660 toto
675 619 794 660 choro
821 623 1024 660 cantatum
1058 633 1141 660 esse
1178 619 1387 661 contendit.
1439 620 1494 659 At
1519 619 1594 659 hoc
1620 619 1739 659 etiam
1768 619 1809 658 in
1834 618 1949 659 huius
1974 619 2211 670 parabaseos
2236 619 2392 659 initium

237 689 384 741 optime
410 686 589 738 quadrat.
643 686 744 726 Nam
770 698 897 738 pauca
923 699 1023 737 quae
1049 685 1145 725 dicit
1171 686 1312 726 chorus
1351 686 1447 726 satis
1473 699 1566 726 sane
1593 687 1763 726 excitata
1788 690 1897 734 sunt,
1923 697 2012 725 cum
2025 685 2209 736 gaudium
2222 685 2329 738 quod
2342 686 2393 727 de

236 756 401 797 victoria
423 768 448 795 a
461 755 687 805 Dicaeopoli
700 758 902 805 reportata
927 754 1057 794 animo
1071 754 1190 793 sentit
1200 754 1329 794 verbis
1343 755 1553 805 exprimat3
1581 760 1625 794 at
1649 768 1728 794 non
1740 767 1898 794 necesse
1915 755 2180 794 eratmultum
2204 757 2393 807 temporis

235 826 278 866 in
304 837 352 865 ea
377 823 570 864 sententia
596 826 778 863 accurate
803 822 1056 863 describenda
1082 835 1326 871 consumere;
1353 823 1507 873 gravius
1533 823 1693 874 aliquod
1719 836 1859 863 munus
1884 824 1964 863 iam
1991 823 2028 863 ei
2053 823 2283 863 mandatum
2307 837 2391 864 esse

237 891 367 932 subito
394 891 469 931 sibi
495 891 536 930 in
562 890 790 930 memoriam
815 893 993 929 revocat:
1031 890 1115 929 ἀλλ’
1145 888 1354 941 ἀποδόντες
1378 897 1458 937 τοῖς
1485 891 1734 936 ἀναπαίστοις
1760 891 1931 942 ἐπίωμεν,
1956 891 1998 931 id
2024 891 2130 943 quod
2156 890 2275 930 etiam
2300 904 2392 943 par·

240 961 361 1000 ticula
388 961 488 1000 α’λλοῖ
515 960 614 998 bene
641 972 864 1009 expressum
892 963 970 998 est:
1010 959 1107 997 haec
1145 959 1303 1008 quidem
1342 972 1445 998 nunc
1471 960 1688 1006 mittamus,
1726 959 1768 998 id
1806 960 1934 1009 ipsum
1974 973 2135 1010 agamus
2174 959 2280 1010 quod
2317 960 2393 999 hoc

234 1032 411 1081 tempore
437 1026 549 1068 nobis
575 1026 842 1078 gravissimum
869 1029 938 1067 est.
1448 1034 1451 1035 ’

428 1095 602 1135 Verbum
629 1095 734 1146 quod
759 1098 819 1134 est
845 1094 1056 1141 ἀποδύντες
1091 1097 1198 1134 10010
1224 1094 1410 1145 explicuit
1435 1094 1553 1134 schol.
1580 1094 1632 1134 ad
1659 1095 1696 1137 h.
1723 1094 1749 1134 l.
1787 1094 1847 1134 his
1873 1095 2022 1139 verbis:
2063 1095 2143 1135 α’πό
2170 1097 2395 1147 μεταφορᾶς

236 1170 319 1206 τῶν
358 1166 634 1213 α’ποδυομένων
683 1163 889 1214 ἀθλητῶν,
937 1164 978 1202 οἳ
1014 1162 1248 1202 ἀποδύονται
1285 1163 1355 1213 τὴν
1395 1162 1539 1209 ἔξωθεν
1579 1163 1739 1213 στολὴν,
1784 1164 1849 1202 ἵνα
1888 1163 2050 1209 εὐτόνως
2093 1162 2284 1213 χορεύωσι
2329 1165 2391 1201 καὶ

241 1230 549 1284 εὖστροφιότεροι
577 1224 649 1271 ὦσι
676 1229 772 1282 πρὸς
796 1228 846 1269 τοὶ
874 1231 1125 1280 παλαίσματα.
1180 1227 1364 1268 Conferas
1390 1229 1508 1268 etiam
1533 1229 1662 1269 locum
1688 1230 1756 1281 qui
1782 1234 1911 1270 exstat
1936 1230 1977 1269 in
2003 1231 2069 1272 Ar.
2092 1231 2182 1273 Pac.
2206 1230 2302 1271 729:

684 1299 766 1337 ἄλλ’
794 1299 852 1337 ἴθι
880 1300 1036 1349 χαίρων·
1063 1297 1168 1349 ἡμεῖς
1195 1297 1236 1335 δὲ
1260 1297 1355 1343 τέως
1380 1296 1472 1337 τάδε
1499 1296 1548 1336 w*
1578 1298 1691 1349 σκεύη
1717 1297 1951 1348 παραδόντες

680 1372 758 1411 τοῖς
786 1366 1020 1411 οἶκολούθοις
1047 1369 1180 1416 φῶμεν
1208 1366 1351 1411 σώζειν.

237 1437 277 1475 et
307 1432 425 1475 schol.
453 1432 505 1473 ad
519 1431 557 1476 h.
583 1432 608 1475 l.
637 1430 687 1473 τοῖ
703 1432 837 1484 σκεύη;
865 1432 936 1479 τοῖς
962 1430 1078 1483 ἄμας,
1104 1430 1153 1472 τοὶ
1182 1433 1341 1483 σχοινία.
1376 1430 1520 1483 γυμνόν
1544 1429 1619 1482 γάρ
1647 1434 1797 1472 ποιοῦσι
1824 1431 1892 1472 τὸν
1918 1430 2042 1483 χορόν
2069 1434 2105 1473 οἱ
2135 1434 2293 1482 κωμικοὶ
2320 1433 2392 1481 dea,

231 1504 297 1542 ‘Ira
322 1503 493 1553 ὄρχῆται.
826 1498 830 1502 ”

429 1570 592 1617 ἐπίωμεν
619 1568 779 1618 proprio
807 1567 984 1606 vocabuli
1008 1580 1123 1607 sensu
1148 1568 1211 1606 hic
1237 1567 1504 1618 accipiendum
1532 1571 1610 1614 est;
1638 1566 1878 1616 significatur
1898 1568 2061 1607 chorum
2086 1567 2270 1607 accedere
2295 1567 2393 1607 velle

240 1636 293 1676 ad
318 1639 569 1686 anapaestos3
597 1647 821 1685 quanquam
847 1635 882 1673 ei
904 1634 980 1685 ipsi
1004 1634 1083 1674 sint
1108 1636 1310 1685 anapaesti
1337 1648 1435 1685 quos
1460 1634 1653 1685 loquitur,
1680 1639 1812 1675 tamen
1838 1636 1912 1675 hoc
1937 1640 2093 1686 poterat
2120 1635 2257 1684 dicere,
2285 1635 2391 1686 quod

235 1716 282 1743 ea
310 1702 545 1755 parabaseos
572 1715 664 1753 pars
690 1714 789 1753 quae
818 1702 993 1753 sequitur
1018 1702 1218 1752 proprium
1245 1701 1319 1742 sibi
1345 1702 1444 1752 gerit
1470 1706 1770 1753 anapaestorum
1795 1716 1956 1751 nomen⁷
1984 1704 2136 1743 etiamsi
2162 1703 2239 1743 alio
2266 1707 2391 1743 metro

235 1776 370 1812 utatur
395 1775 522 1822 poeta.
532 1771 564 1823 2)

429 1838 590 1879 Duobus
631 1841 763 1878 autem
798 1837 971 1878 versibus
1011 1837 1087 1877 illis
1126 1838 1385 1890 pronuntiatis
1424 1839 1511 1890 ipsa
1551 1838 1659 1879 chori
1699 1839 1901 1890 parabasis
1945 1840 2024 1879 sive
2062 1840 2113 1879 ad
2153 1843 2392 1891 spectatores

233 1907 431 1948 conversio
458 1906 510 1947 ad
536 1906 656 1947 tibiae
689 1910 848 1946 cantum
856 1906 888 1960 ³)
929 1906 1155 1947 instituitur.
1209 1906 1293 1946 Iam
1320 1906 1514 1947 choreutis
1540 1906 1591 1946 ad
1632 1911 1869 1958 spectatores
1897 1908 2099 1956 conversis,
2135 1907 2177 1947 id
2204 1908 2309 1960 quod
2334 1908 2393 1949 di-

248 1977 368 2015 versis
397 1980 546 2025 septem
573 1970 742 2014 motibus
768 1975 984 2025 perfectum
1012 1988 1094 2014 esse
1120 1975 1324 2013 verisimile
1352 1979 1420 2023 est,
1428 1975 1460 2026 ⁴)
1487 1979 1702 2024 sequuntur
1727 1976 1889 2025 triginta
1914 1977 2134 2014 tetrametri
2146 1977 2395 2028 anapaestici,

243 2058 343 2096 quos
381 2057 407 2084 a
447 2044 530 2084 solo
571 2043 680 2083 chori
705 2044 879 2094 principe
906 2044 1030 2084 dictos
1057 2057 1139 2083 esse
1168 2043 1209 2085 C.
1236 2043 1358 2092 Kock,
1398 2043 1422 2082 1.
1449 2056 1480 2085 0.
1508 2057 1544 2095 p.
1574 2045 1609 2092 8,
1646 2044 1713 2083 alii
1740 2044 1924 2095 permulti
1950 2048 2140 2084 statuunt.
2193 2046 2246 2085 At
2285 2045 2396 2085 nobis

234 2112 317 2153 hoo
335 2111 449 2153 aliter
490 2126 531 2153 se
558 2111 702 2152 habere
731 2111 894 2154 videtur.
949 2112 1052 2153 Nam
1082 2112 1123 2152 id
1150 2110 1307 2163 quidem
1347 2110 1517 2151 dubitari
1557 2124 1634 2151 non
1672 2115 1803 2163 potest
1842 2125 1929 2152 eam
1968 2112 2202 2163 parabaseos
2241 2116 2394 2164 partem

435 2274 463 2314 ι)
493 2275 595 2305 Recte
618 2274 800 2305 Koesterus
822 2275 843 2307 1.
868 2284 895 2307 c.
918 2284 950 2314 p.
973 2275 992 2306 3
1016 2283 1086 2305 cum
1107 2283 1190 2305 voce
1212 2276 1413 2316 παραβαίνω
1437 2282 1536 2305 voces
1559 2274 1787 2317 παρέρχομαι,
1810 2270 1964 2316 πάρειμι,
1986 2271 2138 2315 πάροδος
2159 2275 2302 2308 contulit.

425 2328 457 2366 2)
482 2327 535 2358 Cf.
556 2327 642 2358 Poll.
664 2326 722 2365 1v,
749 2329 827 2357 112:
861 2325 879 2365 ἡ
903 2328 941 2357 δὲ
964 2325 1156 2370 παράβασις
1179 2324 1222 2360 ὡς
1245 2325 1282 2357 τὸ
1305 2325 1392 2358 πολὺ
1413 2327 1480 2369 μὲν
1502 2328 1540 2358 ἐν
1562 2325 1762 2367 ἀναπαίστῳ
1792 2328 1916 2367 μέτρῳ·
1949 2336 1980 2357 ει
2012 2322 2107 2357 δοῦν
2135 2329 2192 2357 καὶ
2219 2327 2258 2358 ἐν
2290 2324 2395 2367 ἄλλῳ,

230 2376 428 2411 ἀνάπαιστα
450 2376 489 2411 τὸ
512 2378 655 2419 ἐπικλην
676 2378 754 2420 ἔχει.

430 2431 461 2470 ³)
486 2431 536 2464 Cf.
560 2431 662 2463 schol.
685 2432 731 2462 ad
754 2432 816 2464 Av.
839 2442 868 2464 v.
891 2432 968 2464 682:
1003 2428 1047 2465 ὡς
1076 2428 1176 2464 αὐλὸς
1204 2427 1271 2473 γάρ
1293 2429 1363 2461 ἐστι
1389 2431 1625 2471 φθεγγομένη.
1660 2427 1678 2469 ἢ
1703 2429 1843 2469 ἐξῆλθεν
1866 2429 1991 2470 ἔχουσα
2024 2428 2214 2463 αὖλόν....
2237 2428 2399 2465 πολλάκις

233 2481 320 2526 πρὸς
341 2480 448 2514 αὐλὸν
468 2483 606 2525 λέγουσι
626 2480 685 2517 τὰς
705 2480 927 2526 παραβάσεις.

426 2538 457 2577 ⁴)
482 2538 532 2570 Cf.
555 2538 620 2570 vit.
643 2539 744 2569 Arist.
770 2538 791 2569 1.
815 2548 843 2570 c.
865 2539 927 2578 XI,
952 2539 991 2569 87
1012 2543 1082 2569 not.
1107 2548 1147 2569 ex
1171 2538 1315 2570 emavi:
1339 2535 1356 2568 ὁ
1379 2535 1527 2578 κωμικὸς
1544 2535 1710 2578 χορὸςῖ..
1724 2563 1731 2569 .
1758 2535 1861 2579 εἰσῄει
1881 2560 1889 2568 .
1903 2560 1931 2569 ..
1946 2563 1953 2570 .
1970 2537 2007 2568 ἐν
2022 2536 2224 2577 τετραγώνῳ
2239 2535 2401 2578 σχήματι,

233 2586 383 2630 ἀφορῶν
404 2589 451 2623 εἰς
473 2586 550 2623 τοὺς
572 2585 767 2629 ὑποκριτάς.
790 2587 1070 2632 ἀναχωρούντων
1093 2589 1130 2622 δὲ
1154 2589 1222 2621 τῶν
1248 2586 1442 2631 ὑποκριτῶν
1472 2584 1647 2622 ἑπτάκις
1677 2587 1911 2630 ἐστρέφετο
1936 2584 1952 2620 ὁ
1980 2585 2102 2629 χορὸς,
2138 2589 2320 2629 προσέχων
2342 2586 2397 2631 ἐφ’

233 2636 376 2681 ἑκάτερα
399 2642 486 2682 μέρη
509 2641 569 2671 τοῦ
597 2637 756 2679 θεάτρου.
780 2640 930 2672 ἐκαλεῖτο
954 2641 993 2673 δὲ
1015 2639 1053 2673 τὸ
1075 2642 1231 2673 τοιοῦτον
1246 2641 1361 2682 σχῆμα
1372 2637 1524 2682 (ὅρχημα
1537 2641 1577 2673 V.
1596 2643 1741 2672 correxit
1751 2641 1917 2679 Dindorf.)
1939 2641 1994 2679 τῆς
2018 2637 2188 2681 ὀρχήσεως
2203 2637 2404 2682 παράβασις

234 2686 427 2733 ὁμωνύμως
448 2693 495 2733 τῷ
517 2694 618 2734 γένει.
643 2698 677 2725 01
699 2693 811 2725 Tzetz.
833 2694 920 2735 apud
940 2694 1107 2728 Duebncr.
1127 2694 1149 2728 1.
1173 2704 1202 2727 c.
1222 2694 1293 2727 Xe.
1315 2704 1346 2727 ν.
1370 2695 1411 2726 38
1434 2704 1525 2735 sqq.:

935 2745 974 2777 ἐν
995 2748 1272 2788 τετραγωνίζοντι
1293 2747 1353 2777 τοῦ
1371 2748 1480 2787 χοροῦ
1501 2744 1606 2786 τύπῳ,

937 2793 1136 2839 ὑποκριταῖς
1157 2795 1195 2830 τὸ
1216 2798 1353 2839 βλέμμα
1375 2795 1541 2829 δεικνύων
1560 2796 1688 2839 μόνοις.

935 2841 984 2880 ὧν
1004 2846 1249 2892 ἐκδραμόντων
1271 2847 1440 2884 ἑπτάκις
1462 2849 1758 2891 ἓστραμμένος

933 2898 1034 2943 χορὸς
1056 2898 1199 2943 καθώρα
1223 2898 1309 2942 πρὸξ
1329 2900 1455 2939 διπλῆν
1477 2900 1589 2941 δήμου
1612 2898 1744 2932 στάσιν·

940 2949 978 2984 τὸ
1002 2948 1356 2995 δ’ἑπτασυστρόβητον
1377 2948 1511 2995 ὅρχημα
1532 2949 1613 2985 τόδε

939 3001 1136 3044 παράβασιν
1158 3004 1235 3043 ἔσχε
1257 3005 1302 3044 τῷ
1324 3006 1414 3044 γένει
1435 3006 1555 3042 κλῆσιν
1576 3003 1705 3046 φέρειν.
