2599 3290
422 253 468 296 V.
496 254 574 294 636
609 266 699 293 cum
719 252 823 293 ,libfi
855 251 1072 303 praebeant
1105 253 1141 292 οἳ
1177 253 1353 304 πρέσβεις
1387 252 1476 293 ἀπὸ.
1500 256 1579 293 τῶν
1611 252 1776 302 πόλεων,
1817 253 2017 294 Bentleius
2043 254 2170 294 versui
2192 254 2390 294 >auxilium

228 320 332 361 ferre
355 324 523 361 conatus
549 324 609 361 est
635 319 808 361 scribens
842 318 937 359 dud
963 323 1056 360 τῶν
1082 317 1265 360 πόλεων
1298 318 1341 358 οἱ
1374 321 1623 371 πρέσβεις,
1662 320 1768 371 quod
1801 321 1855 361 ad
1885 334 2010 361 unum
2041 322 2299 362 omnes-iure
2327 334 2394 361 ne-

231 390 441 442 ceperunt3
484 387 575 428 inde
607 390 740 428 autem
764 387 1032 439 cognoscimus
1067 387 1186 428 etiam
1209 400 1252 429 π.
1281 388 1379 437 645,
1419 400 1500 440 qua
1523 386 1614 428 libri
1648 388 1982 440 παρεκινδύνευσεν
2017 388 2236 443 Ἀθηναίοις
2268 390 2395 439 εἰπεῖν,

229 461 382 498 rectam
417 469 502 497 esse
522 455 850 496 -emendationem
882 456 934 496 ab
962 456 1188 497 Hermanno
1217 455 1260 495 in
1286 455 1408 499 Elem.
1443 457 1565 500 doctr.
1595 460 1706 497 metr.
1734 470 1772 510 p.
1798 457 1879 498 400
1911 458 2153 511 propositam
2179 469 2392 511 παρεκιν-

232 527 419 567 δύνευσ’
460 527 612 564 εἰπεῖν
644 526 695 564 ἐν
726 526 1019 578 Ἀθηναίοις
1085 525 1205 565 verba
1245 526 1349 565 enim
1389 530 1530 577 poetae
1569 526 1722 577 saepius
1760 539 1785 565 a
1824 526 1992 568 librariis
2030 527 2270 579 transposita
2309 537 2393 565 esse

230 593 596 641 animadvertimus,
641 606 742 644 quae
777 594 818 632 in
853 607 967 633 suum
999 593 1176 633 ordinem
1211 598 1304 632 sunt
1328 594 1565 648 revocanda,
1605 606 1724 645 quam
1764 593 1815 632 ob
1855 607 2014 634 causam
2053 596 2150 635 haec
2175 593 2390 634 Hermanni

230 661 451 704 emendatio
469 660 632 702 Porsoni
655 660 913 713 praeferenda
937 667 1007 711 est,
1034 662 1103 713 qui
1128 661 1297 703 scribere
1321 663 1442 703 voluit
1469 661 1573 708 ὅστις
1595 663 1630 714 γ’
1646 666 1759 702 εἰπεῖν
1776 664 2078 713 παρεκινδύνευσ’
2103 665 2144 703 ἐν
2158 664 2393 713 Ἀθηναίοις.

421 744 468 788 V.
500 745 577 787 637
606 744 940 799 ἰοστεφάνους
965 744 1012 788 cf.
1040 744 1112 797 Eq.
1140 759 1175 788 v.
1206 744 1326 787 1324:
1360 745 1400 785 ἔν
1425 752 1549 786 ταῖσιν
1574 744 1906 798 ἰοστεφάνοις
1939 750 2035 787 οἰκεῖ
2054 752 2137 792 ταῖς·
2164 744 2385 798 ἀρχαίαισιν

229 813 416 864 Ἀθήναις
447 817 488 852 et
522 814 615 853 ibid.
650 827 685 855 v.
723 814 845 853 1329:
888 808 919 853 ὦ
951 815 1011 852 ταὶ
1047 815 1253 865 λιπαραὶ
1293 815 1353 852 καὶ
1401 812 1686 866 ἰοστέφανοι
1728 814 1789 852 καὶ
1832 812 2058 866 ἀριζήλωτοι
2095 814 2256 854 Ἀθτῗναι
2305 809 2391 850 0011.

229 880 351 920 schol.
378 881 431 920 ad
459 894 549 921 eum
575 883 704 921 locum
738 896 855 932 quem
889 885 1124 920 tractamus:
1161 879 1267 932 napo?
1298 881 1349 919 w*
1386 883 1426 919 ἐκ
1460 884 1537 920 τῶν
1563 881 1766 932 Πινδάρου
1800 882 2061 931 διθυράμβων
2087 882 2148 931 (fr.
2176 880 2256 929 46).
2324 881 2387 927 „ai

232 949 388 1001 λιπαραὶ
414 951 476 989 καὶ
502 950 720 1001 ἰοστέφανοι
746 949 944 1001 Ἀθῆναι“.
999 948 1167 1001 διασύρει
1195 948 1237 988 δὲ
1263 947 1320 990 ὅτι
1347 949 1382 989 οἱ
1408 947 1589 999 προδόται
1618 948 1766 994 τούτοις
1790 950 1958 1000 χρῶνται
1985 956 2066 994 τοῖς
2092 948 2230 999 λόγοις.

423 1032 468 1072 V.
497 1033 575 1073 638
612 1033 676 1073 ἐπ’
713 1033 873 1086 ἄκρων
908 1036 1004 1073 τῶν
1040 1032 1270 1083 πυγιδίων
1303 1029 1350 1074 cf.
1386 1029 1503 1072 schol.
1540 1030 1646 1084 παροὶ
1682 1030 1751 1083 τήν
1787 1032 2013 1084 παροιμίαν,
2055 1032 2110 1072 ἐπ’
2147 1030 2279 1083 ἄκρων
2316 1033 2401 1073 τῶν,

233 1099 406 1151 ὀνύχων,
450 1099 597 1147 ἕπαιξεν
625 1096 736 1148 οὗτος
764 1100 822 1140 ἐπ’
850 1099 981 1152 ἄκρων
1007 1102 1085 1139 τῶν
1121 1100 1302 1153 πυγιδίων
1336 1099 1464 1148 εῗπών,
1509 1098 1692 1138 nimirum
1719 1099 1812 1150 quia
1838 1099 1938 1139 cives
1965 1098 2101 1139 sedent
2126 1098 2168 1138 in
2192 1098 2388 1139 concione.

232 1166 289 1206 Cf.
316 1167 432 1219 Soph.
462 1168 545 1210 Aia.
574 1169 695 1211 123οῖ
722 1167 841 1220 &apris
870 1167 1045 1216 ἐκόμπεις
1072 1167 1160 1206 κάπ’
1188 1167 1318 1220 ἄκρων
1344 1166 1572 1222 ᾧδοιπόρεις.
1627 1167 1833 1219 Phrynich.
1859 1167 2026 1207 Bekkeri
2051 1181 2090 1219 p.
2120 1168 2182 1216 39,
2201 1168 2262 1209 32.

421 1252 468 1292 V.
498 1252 574 1292 646
610 1253 655 1293 A.
682 1251 860 1291 Meineke
900 1252 1049 1303 recepit
1084 1252 1347 1291 coniecturam
1383 1251 1557 1291 Elmsleii
1601 1251 1722 1297 οὕτως
1753 1265 1826 1303 pro
1863 1252 1963 1292 οὕτω
1997 1253 2048 1301 δ’,
2093 1265 2194 1303 quae
2230 1251 2387 1303 quidem

232 1320 389 1360 omnino
415 1332 495 1360 non
521 1323 581 1359 est
606 1310 845 1366 necessaria;
886 1319 1036 1357 nullam
1062 1320 1164 1358 enim
1198 1319 1272 1358 hoc
1297 1319 1383 1358 loco
1416 1319 1631 1359 invenimus
1663 1332 1821 1359 causam
1846 1318 2040 1371 asyndeti,
2082 1332 2170 1359 cum
2196 1322 2314 1371 poeta
2339 1318 2390 1358 ab

233 1401 278 1428 eo
304 1387 409 1440 quod
443 1388 537 1429 socii
571 1388 620 1427 de
647 1387 714 1428 illo
741 1391 859 1439 poeta
893 1387 1040 1427 comico
1069 1388 1241 1428 sentiunt
1266 1391 1441 1427 transeat
1468 1387 1519 1427 ad
1547 1401 1634 1427 eam
1661 1388 1899 1440 opinionem,
1941 1401 2059 1440 quam
2086 1388 2294 1428 Persarum
2320 1401 2391 1427 rex

231 1470 280 1497 ex
306 1456 703 1496 Lacedaemoniorum
729 1456 868 1508 legatis
896 1456 1118 1507 quaerendo
1147 1456 1399 1509 (βασανίζων)
1427 1456 1646 1508 protulerit.

422 1523 485 1564 Ad
517 1522 766 1576 ἠρώτησεν
802 1528 974 1577 πρῶτα
1000 1525 1087 1575 μὲν
1115 1522 1297 1571 αὕτούς
1323 1546 1376 1553 -
1404 1522 1503 1563 εἶτα
1531 1525 1581 1563 δὲ
1605 1528 1786 1564 τοῦτον
1812 1523 1900 1564 τὸν
1924 1524 2152 1577 ποιητήν,
2193 1536 2241 1563 ne
2269 1523 2395 1563 diver-

232 1605 314 1632 sam
342 1593 536 1631 rationem
563 1593 773 1631 accusativi
799 1593 861 1631 hic
889 1593 1052 1640 mireris,
1080 1591 1255 1630 conferas
1281 1591 1322 1631 C.
1342 1591 1455 1631 Ditf
1458 1605 1484 1630 u
1494 1595 1539 1631 rt
1563 1592 1604 1631 in
1630 1591 1797 1631 attische
1815 1591 1961 1643 Syntax
1977 1599 2006 1639 ¹)
2036 1593 2069 1643 ξ.
2096 1593 2175 1633 222
2203 1596 2243 1632 ct
2270 1592 2303 1643 ἓ.
2330 1592 2393 1631 52.

424 1676 471 1718 V.
497 1677 577 1716 650
601 1688 672 1727 pro
698 1679 997 1727 γεγενῆσθαι
1025 1675 1253 1725 Blaydesius
1286 1675 1363 1726 legi
1398 1675 1519 1715 voluit
1551 1689 1596 1715 τε
1629 1678 1884 1725 γενέσθαι,
1924 1675 1965 1715 id
2001 1675 2107 1726 quod
2133 1675 2177 1717 Α,
2205 1674 2382 1714 Meineke

230 1744 255 1784 l.
284 1757 316 1787 c.
346 1758 384 1796 p.
410 1744 479 1784 LV
506 1743 706 1795 probavit,
750 1756 976 1794 quanquam
1009 1743 1085 1782 hoc
1119 1755 1232 1782 versu
1266 1731 1449 1782 codicum*
1469 1744 1674 1783 lectionem
1707 1743 1874 1793 reliquit.
1928 1743 2096 1794 Tempus
2130 1747 2264 1782 autem
2298 1756 2388 1793 per-

229 1813 377 1854 fectum
403 1824 498 1853 sane
523 1811 649 1863 possit
674 1811 731 1851 ita
757 1811 959 1863 explicari,
1000 1815 1045 1851 ut
1077 1810 1142 1851 ille
1169 1810 1312 1850 dixerit
1338 1811 1593 1851 Athenienses
1620 1814 1780 1851 auctore
1807 1810 2066 1863 Aristophane
2099 1811 2194 1852 iam
2226 1811 2395 1852 factos

231 1894 339 1922 esse
366 1881 556 1929 meliores,
584 1879 840 1931 quamobrem
870 1881 990 1920 etiam
1020 1879 1153 1919 hostes
1180 1892 1270 1919 suos
1297 1881 1437 1920 victuri
1463 1884 1602 1930 essent,
1628 1883 1672 1920 at
1698 1879 1794 1919 haec
1821 1883 1881 1920 est
1906 1879 2117 1921 artificiosa
2142 1880 2245 1921 ratio
2270 1881 2391 1920 inter-

230 1950 414 2002 pretandi
439 1963 591 1997 eorum,
627 1950 695 1999 qui
721 1950 851 1988 omnia
877 1949 1132 2000 interpretari
1159 1954 1366 1998 conantur,
1413 1962 1459 1989 ea
1486 1962 1641 2000 quoque
1668 1962 1770 1999 quae
1793 1948 2078 1999 inexplicabilia
2100 1953 2201 1988 sunt.
2254 1949 2393 1999 Itaque

230 2031 302 2070 ego
329 2016 487 2070 quidem
501 2016 683 2067 Blaydesi
711 2017 975 2057 coniecturam
1004 2017 1112 2058 illam
1139 2017 1398 2069 recipiendam
1428 2031 1510 2058 esse
1538 2031 1685 2067 censeo,
1713 2031 1937 2069 quanquam
1964 2032 2043 2058 non
2067 2019 2124 2059 ita
2144 2017 2394 2057 indicaverim

231 2087 280 2126 de
308 2099 371 2135 ea,
413 2098 532 2137 quam
558 2085 610 2125 ab
637 2085 703 2125 illo
731 2089 930 2137 receptam
961 2086 1128 2137 protulit
1155 2086 1213 2125 vir
1240 2086 1396 2135 doctus,
1440 2087 1665 2143 cum'initio
1693 2100 1726 2127 V.
1756 2087 1832 2127 651
1861 2088 1951 2126 κᾶν
1977 2099 2049 2138 pro
2075 2089 2154 2126 καὶ
2181 2086 2390 2137 empserit,

230 2168 323 2194 nam
350 2154 588 2206 praepositio
616 2153 656 2191 ἐν
682 2153 745 2193 hic
770 2155 927 2193 omnino
955 2167 1036 2193 non
1064 2158 1124 2194 est
1149 2155 1377 2197 necessaria.

423 2222 469 2265 V.
497 2223 575 2262 653
601 2221 685 2272 τήν
711 2221 920 2274 Αἴγιναν
949 2223 1263 2264 α’παιτοῦσιν.
1290 2222 1336 2266 cf.
1366 2223 1484 2264 Thuo.
1515 2224 1548 2271 1,
1579 2223 1671 2264 139:
1707 2223 1875 2263 ἐκέλευον
1901 2226 1962 2263 καὶ
1988 2225 2149 2275 Αἴγιναν
2177 2223 2395 2273 αὐτόνομον

233 2291 398 2343 ἀφιέναι.
455 2290 540 2338 Quo
568 2290 692 2330 utitur
718 2290 1016 2342 Aristophanes,
1061 2295 1107 2331 ut
1133 2291 1260 2343 lepide
1288 2291 1371 2330 eius
1404 2291 1461 2330 rei
1489 2303 1646 2330 causam
1672 2291 1832 2340 indicet,
1866 2291 1963 2332 velle
1990 2291 2173 2330 nimirum
2197 2290 2394 2330 Lacedae·

230 2359 382 2398 monios
411 2371 490 2397 una
524 2371 612 2396 cum
646 2358 721 2397 hac
747 2358 873 2397 insula
900 2363 1059 2409 poetam
1088 2359 1295 2406 comicum,
1337 2358 1405 2409 qui
1436 2361 1549 2397 tanta
1575 2357 1722 2397 civibus
1754 2358 1835 2397 suis
1867 2358 2071 2398 commoda
2102 2370 2288 2409 spemque
2314 2358 2393 2396 vic·-

229 2427 355 2467 toriae
383 2426 587 2478 praebeat,
633 2426 786 2467 auferre
812 2430 858 2467 ut
890 2427 985 2478 ipsis
1019 2426 1160 2467 afferat
1185 2426 1387 2466 victoriam
1414 2440 1461 2466 ac
1486 2426 1722 2469 felicitatem.
1777 2426 1915 2477 Itaque
1942 2432 2002 2467 est
2029 2426 2320 2467 Atheniensium
2346 2430 2392 2465 ut

229 2506 318 2535 eum
345 2494 540 2535 retineant
565 2507 691 2547 neque
727 2494 779 2536 ab
805 2494 866 2536 his
901 2498 971 2536 aut
997 2494 1083 2537 aliis
1116 2494 1213 2548 eripi
1239 2494 1459 2547 patiantur,
1499 2495 1605 2547 quod
1631 2495 1665 2537 si
1691 2494 1941 2548 perfecerint,
1981 2508 2133 2538 summa
2159 2494 2214 2536 eis
2241 2493 2392 2535 tribuet

229 2564 406 2613 praemia
419 2593 428 2611 ,
474 2576 520 2602 eo
555 2564 661 2614 quod
688 2564 837 2615 optima
864 2564 918 2603 eis
954 2564 1116 2603 consilia
1151 2564 1302 2615 optima
1328 2564 1447 2603 animi
1473 2564 1672 2603 voluntate
1699 2563 2018 2606 subministrabit.
2072 2563 2233 2604 Poterat
2258 2566 2391 2603 autem

228 2630 388 2670 interire
415 2636 535 2682 poeta
562 2633 681 2672 etiam
707 2632 969 2681 inimicorum,
1010 2633 1078 2683 qui
1109 2632 1205 2684 ipsis
1229 2632 1393 2672 Athenis
1426 2633 1697 2681 versabantur,
1740 2632 1893 2673 Cleonis
1928 2633 2096 2673 maxime
2131 2632 2390 2671 machinatio-

228 2698 362 2748 nibus,
403 2699 472 2739 sed
499 2700 573 2740 sibi
607 2699 668 2740 his
694 2700 845 2740 nullum
871 2700 977 2740 iniici
1004 2705 1153 2741 metum
1179 2704 1390 2753 propterea
1416 2701 1520 2752 quod
1547 2714 1677 2741 secum
1703 2692 1877 2753 pugnent
1900 2702 1961 2742 ius
1989 2706 2030 2742 et
2054 2701 2222 2750 iustitia,
2267 2703 2386 2751 atque

228 2766 425 2819 ignaviam
452 2767 609 2820 qualem
634 2768 755 2821 ipsius
784 2767 937 2810 Cleonis
965 2782 990 2809 a
1016 2782 1058 2810 se
1085 2768 1362 2811 alienissimam
1396 2783 1480 2810 esse
1514 2769 1686 2811 futuram
1713 2770 1936 2822 gravissime
1968 2775 2008 2812 et
2038 2769 2320 2823 elegantissime
2346 2768 2390 2808 in

226 2849 275 2875 eo
303 2836 408 2887 quod
435 2837 610 2887 sequitur
634 2851 767 2878 macro
794 2838 942 2878 civibus
968 2838 1147 2881 inculcat.

422 2994 451 3033 ¹)
473 2995 677 3035 ungdoburg
698 2997 792 3029 1856.
