2599 3290
447 260 554 307 Quos
594 258 752 310 quidem
785 272 920 299 versus
955 259 1236 311 pulcherrimos
1266 258 1318 297 ab
1345 257 1531 308 Euripide
1573 258 1717 309 petitos
1751 270 1835 296 esse
1861 257 2067 297 Elmsleius
2107 258 2159 298 ad
2186 259 2224 299 h.
2254 259 2279 300 l.
2316 259 2417 300 indi-

255 328 359 367 cavit
377 327 426 380 ¹),
453 328 515 366 cui
541 331 680 378 poetae
708 327 743 366 ei
769 326 844 365 hac
870 326 997 366 forma.
1023 327 1265 366 tribuuntur:

891 397 988 449 πρὸς
1012 395 1126 434 ταῦθ’
1154 395 1210 435 ὅτι
1236 398 1314 446 χρῆ
1339 397 1400 434 καὶ
1428 394 1680 443 παλαμάσθω

892 465 954 504 καὶ
981 466 1057 504 πᾶν
1084 464 1140 502 ἐπ’
1167 465 1249 513 ἐμοὶ
1276 465 1548 503 τεκταινέσθω.

848 556 851 559 ·
892 532 936 572 τὰ
963 531 1038 584 γιὶρ
1066 526 1106 571 εὖ
1133 531 1213 582 μετ’
1241 532 1335 581 ἐμοῦ
1361 532 1421 569 καὶ
1447 530 1491 570 τό
1521 532 1664 569 δίκαιον

892 599 1094 650 ξύμμαχον
1122 598 1236 647 ἔσται,

508 706 521 731 4
893 668 962 706 κού
987 668 1136 719 μήποθ’
1165 668 1247 706 ἀλῶ
1274 665 1374 704 κακά
1403 666 1603 714 πράσσων.

449 722 554 783 Quos
590 736 735 786 optime
766 735 807 774 in
842 748 956 775 usum
988 748 1102 775 suum
1137 734 1371 781 convertisse
1406 732 1927 784 videmus.A1·istophanem,
1969 748 2061 774 nam
2088 736 2257 786 primum
2284 750 2417 776 veram
2460 722 2464 726 .

258 804 340 843 eius
364 803 484 843 animi
510 803 761 853 sententiam,
801 814 880 854 qua
912 800 1139 843 fortitudine
1164 814 1334 854 pugnam
1362 813 1451 840 cum
1478 799 1634 840 inimico
1669 804 1919 857 suscepturus
1946 801 1998 843 sit
2024 801 2151 843 verbis
2178 802 2417 853 sublimibus,

258 873 398 920 quibus
425 872 582 921 quidem
609 872 728 909 etiam
754 872 948 909 subtilitas
981 872 1166 909 orationis
1193 870 1427 921 Euripideae
1464 881 1489 907 a
1516 868 1720 907 dialectica
1754 869 2017 919 sophistarum
2045 874 2131 909 arte
2158 871 2348 922 repetitae
2375 876 2416 911 et

257 938 370 978 facile
407 939 651 989 cognoscitur
687 943 727 978 et
766 939 910 977 comice
945 938 1139 978 irridetur.
1194 939 1302 986 Quae
1339 937 1503 989 parodia
1541 937 1743 977 conficitur
1777 939 1832 976 eis
1870 939 1996 977 verbis
2030 952 2131 989 quae
2164 940 2206 977 in
2243 939 2320 979 fine
2347 940 2417 979 ad-

259 1006 423 1057 duntur,
465 1006 634 1047 maxime
668 1006 773 1058 quod
801 1006 920 1047 Cleon
955 1006 1097 1048 dicitur
1122 1008 1396 1058 λακαταπύγων
1412 1005 1456 1058 ¹).
1511 1005 1649 1057 Itaque
1684 1018 1732 1046 ne
1767 1003 1847 1046 hoc·
1875 1005 2033 1057 quidem
2069 1007 2155 1047 loco
2192 1007 2415 1048 comoediae

259 1079 443 1115 naturam
466 1075 682 1126 depositam
708 1075 1000 1126 neglectamque
1026 1088 1110 1115 esse
1136 1074 1492 1114 animadveitimus.

449 1142 584 1194 Neque
609 1144 751 1183 iniuria
777 1143 964 1195 Bergkius
980 1148 1010 1193 ε)
1036 1143 1232 1184 existimat
1258 1142 1346 1182 illos
1373 1155 1505 1181 versus
1532 1155 1579 1181 ex
1607 1143 1805 1194 Euripidis
1832 1143 2003 1194 Telepho
2037 1144 2181 1195 petitos
2218 1158 2319 1194 esse,
2358 1145 2416 1184 ita

259 1216 305 1252 ut
331 1212 455 1252 Ulixis
488 1211 750 1252 fraudulentia
786 1216 826 1252 et
862 1213 1009 1253 astutia
1043 1215 1211 1252 notetur.
1267 1211 1375 1258 Quae
1417 1211 1639 1250 coniectura
1679 1211 1739 1252 vel
1778 1212 1947 1252 maxime
1985 1210 2166 1252 firmatur
2205 1226 2271 1262 eo,
2312 1213 2417 1264 quod

259 1281 565 1320 Acharnensium
601 1294 635 1322 V.
664 1280 740 1320 415
781 1280 849 1319 illa
890 1280 1023 1320 fabula
1059 1278 1299 1330 significatur
1334 1283 1374 1318 et
1410 1293 1442 1318 v.
1480 1280 1581 1320 416:
1627 1281 1687 1318 δεῖ
1713 1281 1786 1332 γάρ
1823 1296 1870 1330 με
1907 1281 2007 1327 λέξαι
2042 1282 2098 1334 τῷ
2130 1284 2239 1334 χορῷ
2276 1282 2419 1333 ῥῆσιν

258 1347 455 1400 μακράν
478 1349 518 1388 in
545 1349 599 1388 eis
626 1348 766 1389 fabulis
792 1352 1024 1398 recensetur,
1052 1348 1093 1387 in
1120 1348 1261 1399 quibus
1289 1347 1495 1398 Euripides
1522 1361 1656 1387 recens
1683 1361 1707 1387 a
1735 1347 1941 1399 disciplina
1954 1347 2196 1399 Protagorae
2223 1349 2416 1400 gravitate

260 1417 365 1456 omni
398 1421 438 1456 et
473 1417 660 1467 dignitate
695 1417 872 1467 neglecta
906 1418 1036 1457 omnia
1074 1416 1126 1456 ad
1161 1416 1345 1455 subtilem
1380 1417 1497 1455 istam
1533 1416 1745 1455 disserendi
1783 1418 1974 1456 rationem
2008 1416 2272 1467 sophistarum
2307 1430 2416 1456 revo-

259 1488 416 1525 caverat
432 1490 475 1533 Δ).
530 1485 679 1524 Deinde
707 1498 730 1525 a
756 1499 790 1528 v,
817 1485 896 1527 430
923 1498 1045 1537 usque
1072 1485 1124 1525 ad
1150 1499 1187 1527 v,
1216 1484 1297 1524 446
1327 1483 1422 1524 haec
1448 1484 1693 1536 potissimum
1719 1483 1849 1524 fabula
1886 1484 2081 1524 irridetur.
2135 1484 2273 1536 Itaque
2300 1485 2418 1525 etiam

258 1554 323 1592 hic
348 1556 466 1604 poeta
491 1554 650 1603 respicit
682 1553 732 1592 ad
759 1566 846 1593 eam
879 1566 1050 1601 scenam,
1096 1566 1214 1604 quam
1249 1554 1339 1593 inde
1372 1567 1397 1593 a
1424 1568 1457 1593 v.
1486 1554 1563 1592 393
1600 1553 1843 1603 interposuit.
1896 1553 1969 1592 Cui
2002 1553 2161 1603 quidem
2197 1566 2335 1592 scenae
2369 1566 2416 1592 ex

258 1625 392 1661 nostro
419 1620 505 1660 loco
532 1634 633 1660 nova
659 1621 851 1672 quaedam
876 1620 944 1659 lux
971 1620 1145 1668 affertur,
1173 1625 1218 1660 ut
1244 1621 1363 1661 etiam
1390 1621 1480 1660 hinc
1509 1634 1577 1659 cur
1603 1620 1758 1661 fabulae
1786 1622 1933 1661 inserta
1959 1622 2011 1660 sit
2037 1621 2174 1660 melius
2198 1621 2416 1672 perspicere

258 1690 461 1741 possimus.
515 1688 576 1728 Ab
604 1701 652 1728 ea
679 1689 862 1729 nimirum
889 1688 1061 1738 civitate,
1106 1702 1208 1739 quae
1242 1688 1293 1728 ad
1327 1689 1531 1741 pristinam
1565 1689 1747 1729 virtutem
1783 1689 2001 1729 revocanda
2035 1693 2074 1729 et
2101 1688 2322 1729 reducenda
2348 1692 2419 1738 est,

259 1758 389 1797 absint
420 1757 589 1796 novitiae
623 1757 713 1797 illae
746 1757 1009 1808 sophistarum
1043 1757 1263 1805 doctrinae,
1309 1758 1450 1809 quibus
1490 1757 1658 1797 maxime
1700 1757 1926 1809 tragoediae
1967 1758 2201 1798 auctoritate
2240 1757 2416 1809 probatis

260 1824 440 1864 effectum
477 1829 579 1873 erat,
622 1829 667 1863 ut
702 1826 820 1875 patrii
856 1839 983 1865 mores
1017 1826 1198 1865 instituta
1233 1826 1436 1876 religiones
1476 1827 1801 1877 perturbarentur
1840 1831 1880 1865 et
1920 1826 2201 1877 propemodum
2240 1825 2415 1865 funditus

260 1896 535 1936 everterentur.
588 1892 677 1933 «Iam
710 1893 829 1945 igitur
861 1894 966 1935 claro
999 1894 1232 1935 documento
1265 1894 1404 1935 docere
1435 1895 1556 1934 voluit
1589 1899 1706 1946 poeta
1740 1895 1818 1934 ista
1854 1895 1984 1934 studia
2019 1899 2202 1945 artesque
2236 1895 2320 1934 aevi
2356 1895 2417 1934 sui

259 1974 379 2012 quam
412 1964 540 2001 essent
575 1974 717 2012 pravae
751 1962 889 2001 noxiae
923 1962 1075 2011 inanes,
1116 1962 1222 2014 quod
1257 1962 1325 2002 illa
1358 1975 1475 2002 scena
1509 1962 1569 2002 vel
1604 1963 1774 2002 maxime
1809 1967 1965 2003 secutus
1999 1967 2069 2004 est.
2124 1961 2263 2014 Itaque
2297 1963 2416 2002 etiam

260 2029 351 2068 hinc
378 2030 461 2069 eius
487 2030 739 2081 interpositae
765 2032 914 2070 veniam
941 2035 1118 2082 repetere
1144 2044 1361 2082 possumus,

452 2098 519 2137 Eis
546 2111 637 2138 vero
664 2112 764 2149 quae
788 2104 985 2150 postremo
1012 2099 1258 2150 exposuimus
1284 2111 1355 2137 nos
1382 2098 1541 2138 rediisse
1570 2112 1615 2138 eo
1641 2099 1895 2149 intellegitur,
1924 2098 2027 2138 unde
2054 2100 2182 2138 exorsi
2208 2100 2344 2151 simus,
2371 2103 2417 2138 ut

259 2167 379 2206 etiam
406 2167 446 2206 in
474 2166 548 2206 hac
573 2166 707 2207 fabula
732 2167 923 2208 unitatem
949 2167 1100 2219 singula
1128 2167 1260 2207 omnia
1287 2167 1550 2207 continentem
1575 2180 1652 2207 non
1679 2167 1893 2207 desiderari
1920 2168 2282 2219 comprobaremus3
2310 2167 2414 2219 quod

258 2236 415 2286 quidem
447 2235 624 2286 inprimis
655 2237 968 2288 interpretationi
992 2241 1170 2285 nostrae,
1212 2249 1330 2286 quam
1356 2249 1427 2287 per
1453 2236 1553 2275 hanc
1579 2236 1817 2287 parabaseos
1845 2240 2000 2287 partem
2027 2237 2220 2288 peregisse
2247 2236 2308 2275 hic
2336 2235 2414 2275 suf-

178 2350 189 2362 Ι
257 2303 380 2352 ficiat,
418 2304 663 2355 propositum
689 2309 775 2343 erat
800 2304 1016 2345 ostendere.
1071 2305 1161 2343 Jam
1195 2305 1228 2344 si
1257 2305 1332 2344 hac
1358 2318 1477 2344 causa
1503 2319 1581 2344 non
1607 2305 1763 2351 omnino
1792 2304 1975 2343 cecidisse
2003 2305 2074 2343 visi
2101 2305 2259 2350 erimus,
2300 2302 2415 2353 quid-

260 2372 354 2424 quid
380 2372 616 2413 voluerimus
642 2384 712 2412 nos
740 2374 964 2412 consecutos
990 2384 1073 2413 esse
1099 2371 1367 2415 iudicabimus.

450 2512 477 2550 ¹)
500 2512 610 2551 Eut-ip.
647 2510 733 2551 apud
769 2511 860 2543 Suid.
888 2512 922 2541 in
958 2508 1089 2541 ἁλωτὸν
1125 2521 1164 2542 ac
1203 2512 1430 2552 παλαμᾶσθαι
1462 2517 1495 2542 et
1527 2513 1636 2542 Cicer.
1666 2512 1708 2541 ad
1741 2513 1841 2542 Attio.
1872 2513 1902 2551 6,
1936 2514 1964 2540 1.
1999 2512 2027 2544 8,
2057 2513 2084 2541 1.
2115 2510 2154 2540 cs.
2186 2511 2285 2540 Clem.
2314 2509 2413 2540 Alex.

257 2562 378 2596 Strom.
401 2563 448 2594 VI
468 2572 500 2603 p.
523 2563 597 2595 670.

450 2617 480 2656 2)
505 2617 555 2649 Cf.
577 2615 729 2648 Dindorf.
751 2616 794 2647 ad
816 2616 847 2647 h.
870 2614 891 2647 l.

450 2668 477 2708 ³)
504 2667 550 2700 De
571 2669 663 2708 reliq.
688 2668 836 2701 comoed.
857 2668 926 2704 Att-
950 2669 1048 2708 antiq.
1070 2678 1102 2708 p.
1126 2667 1197 2701 136.

451 2723 479 2760 ⁴)
505 2722 554 2755 ef.
576 2720 697 2761 Bergk.
717 2721 739 2753 1.
762 2730 790 2765 ¹?-
812 2730 845 2760 Ρ.
867 2721 928 2752 138
951 2730 999 2761 ες.
