2599 3290
1280 117 1332 157 §4

208 252 411 295 hostilem
438 254 613 295 animum
640 256 813 295 mutaret
844 253 1016 306 propitio
1056 265 1151 305 erga
1188 266 1326 306 pacem
1365 249 1513 303 animo,
1541 251 1655 305 quod'
1676 252 1834 304 quidem
1861 252 2088 306 Dicaeopoli
2108 254 2400 306 'perficiendum

229 325 327 363 emt.
376 321 534 363 Deinde
559 334 652 363 vero
691 320 757 362 ille
794 320 937 362 chorus
978 319 1091 362 nobis
1130 324 1222 361 ante
1262 320 1396 362 oculos
1434 321 1548 373 ponit
1587 333 1675 362 eam
1714 325 1868 374 partem
1895 321 2207 373 Atheniensium,
2247 323 2316 375 qui
2355 326 2401 363 ιιι

228 389 500 431 Acharnenses
527 390 629 431 belli
644 391 815 431 maxime
842 390 1005 442 studiosi
1032 390 1160 429 'erant
1184 401 1257 429 nec
1292 389 1454 429 verbum
1494 389 1616 429 ullum
1645 388 1713 449 ’de‘
1735 390 1844 441 'pace
1880 402 1969 429 cum
2005 389 2183 431 hostibus
2221 390 2400 431 facienda
2447 392 2449 395 ⁴

226 456 408 513 accipere
433 457 628 501 volebant.
683 457 805 509 Atqm
816 461 957 510 poetae
983 456 1187 497 consilium
1214 469 1262 497 eo
1289 457 1519 506 continetur,
1546 457 1652 509 quod
1679 457 1780 497 hanc
1799 457 1940 497 civium
1954 462 2109 509 partem
2134 458 2398 499 admeliorem

223 525 466 567 sententiam
489 526 676 578 pacisque
702 537 876 565 amorem
900 524 1108 565 traducere
1134 528 1309 568 conatur.
1362 524 1446 565 Iam
1473 524 1828 566 Acharnen'ses
1860 524 2012 566 huius
2044 525 2252 568 fabulae
2284 526 2398 567 iustis

228 592 356 632 causis
383 604 432 632 ac
457 592 675 633 rationibus
700 605 727 632 a
754 591 981 644 Dicaeopoli
1007 603 1054 632 eo
1080 595 1280 644 permotos
1307 605 1390 633 esse
1415 591 1538 645 fingit,
1578 596 1624 634 ut
1664 593 1737 634 sub
1765 593 1913 634 exitum
1939 592 2096 634 fabulae
2122 607 2212 635 eum
2237 594 2399 635 summis

228 663 369 699 ornent
394 660 585 709 laudibus,
614 661 682 710 qui
702 657 817 711 pacis
844 660 1025 700 defensor
1050 661 1254 702 exstiterit.
1263 662 1296 708 ¹)
1336 661 1422 699 Hoc
1448 673 1542 700 sane
1555 673 1709 700 movere
1722 664 1887 712 poterat
1905 661 2025 700 etiam
2050 662 2186 713 ipsos
2213 662 2396 702 Achar-

227 738 408 766 nenses
435 725 717 779 bellicososque
742 727 998 768 Athenienses
1038 727 1240 780 iratosque
1277 728 1457 779 mitigare
1496 732 1537 769 et
1575 740 1718 780 pacare
1756 741 1891 769 eorum
1932 729 2102 778 animos,
2142 730 2211 780 qui
2248 730 2282 770 si
2321 729 2396 769 hac

226 793 379 833 mtione
405 794 494 845 paci
522 794 842 843 conciliarentur,
880 799 998 847 poeta
1024 795 1130 846 quod
1156 794 1314 834 volebat
1340 798 1569 835 consecutus
1596 798 1692 836 erat.
1745 794 1885 846 Itaque
1925 807 2048 846 usque
2088 807 2244 846 quaque
2282 794 2394 836 intel-

150 879 155 891 :
225 860 400 911 legimus,
428 874 547 912 quam
573 863 672 902 bene
700 862 764 901 hic
786 862 937 913 singula
951 873 1130 912 quaeque
1144 862 1389 911 cohaereant,
1416 874 1642 914 quanquam
1667 862 1799 902 omnia
1825 860 1942 902 simul
1969 861 2089 901 etiam
2108 861 2161 902 ad
2173 861 2394 902 comoediae

198 960 201 962 -
225 933 410 969 naturam
436 931 583 982 optime
609 930 802 970 adornata
827 934 930 972 sunt.

417 995 503 1037 Iam
528 996 736 1037 dicendum
761 1000 823 1039 est
848 997 898 1038 de
931 1011 964 1038 v.
994 998 1072 1039 366
1099 1021 1155 1027 —
1179 1011 1214 1040 v.
1241 997 1330 1047 383,
1358 996 1499 1050 quibus
1525 996 1700 1039 versibus
1726 996 1973 1049 Dicaeopolis
2010 999 2178 1050 primum
2212 1010 2254 1039 se
2279 997 2394 1038 nullis

226 1065 456 1116 ambagibus
482 1065 535 1104 ad
559 1078 644 1104 rem
669 1065 796 1116 ipsam
823 1078 1070 1113 accessurum
1097 1078 1223 1116 neque
1250 1070 1295 1105 ut
1321 1065 1435 1116 vulgo
1475 1069 1650 1105 oratores
1676 1065 1897 1105 verboruma
1923 1069 2112 1117 tanquam
2152 1066 2271 1107 scutis
2311 1078 2393 1106 sese

224 1131 507 1173 insu-acturum
531 1145 615 1173 esse
642 1132 747 1183 dicit,
774 1133 915 1174 deinde
941 1134 1115 1186 pericula
1138 1147 1209 1175 sua
1236 1134 1395 1186 exponit
1431 1134 1473 1173 in
1512 1133 1706 1173 iudicibus
1732 1133 1898 1173 assuetis
1937 1134 2074 1174 audire
2110 1134 2247 1175 laudes
2286 1134 2393 1174 urbis

225 1203 266 1239 et
290 1199 331 1239 in
357 1199 566 1241 iudicando
593 1201 783 1250 mordere,
825 1201 931 1253 quod
957 1205 1097 1253 poetae
1124 1213 1331 1253 personam
1357 1200 1521 1240 induens
1549 1199 1754 1240 confirmat
1793 1213 1864 1240 suo
1904 1201 2026 1251 ipsius
2066 1201 2261 1252 exemplo:
2301 1214 2391 1241 nam

225 1280 378 1307 summa
404 1267 634 1309 difficultate
661 1283 704 1310 se
729 1269 772 1309 in
798 1269 942 1310 iudicio
979 1269 1146 1310 evasisse
1185 1268 1399 1308 calumnias
1426 1267 1579 1308 Cleonis
1605 1267 1655 1307 de
1682 1268 1884 1308 comoedia
1909 1269 2123 1320 praeterito
2164 1281 2266 1309 anno
2292 1272 2390 1309 acta.

225 1336 297 1376 His
318 1349 411 1376 vero
433 1337 535 1386 ,nihil
558 1338 667 1377 aliud
694 1338 915 1378 continetur
940 1338 1014 1377 nisi
1040 1349 1160 1388 quam
1187 1337 1324 1377 dicunt
1349 1336 1613 1388 captationem
1627 1336 1929 1386 benevolentiae,
1955 1350 2035 1388 qua
2047 1341 2165 1389 poeta
2191 1351 2280 1378 cum
2305 1341 2392 1377 tan-

223 1408 309 1444 tum
333 1405 442 1445 ineat
467 1409 667 1445 certamen
693 1409 833 1445 contra
858 1406 1118 1457 potentiorem
1145 1406 1187 1444 in
1213 1405 1414 1457 republica
1441 1404 1582 1443 civium
1604 1408 1776 1456 partein,
1816 1404 2026 1457 benignum
2066 1419 2092 1446 a
2129 1405 2392 1457 spectantibus

223 1474 395 1513 animum
415 1474 634 1525 >impetrare
660 1474 803 1516 studet.
860 1474 988 1523 Atque
1015 1473 1178 1513 honeste
1204 1473 1404 1523 probeque
1430 1476 1471 1511 et
1497 1472 1628 1511 animo
1654 1471 1753 1511 bene
1780 1471 1830 1511 de
1856 1472 1974 1512 rebus
2010 1472 2176 1523 publicis
2202 1472 2391 1511 sentiente

223 1540 374 1593 optima
399 1541 562 1582 consilia
587 1540 745 1591 civibus,
773 1554 862 1581 cum
889 1554 937 1581 ne
964 1541 1137 1581 maxima
1163 1539 1320 1592 quidem
1347 1538 1522 1591 pericula
1548 1539 1784 1588 reformidet,
1815 1539 1910 1579 dare
1936 1540 2011 1580 sibi
2037 1540 2281 1591 propositum
2308 1552 2391 1579 esse

225 1608 420 1658 declarat,
462 1621 581 1660 quam
620 1609 743 1649 animi
782 1609 1039 1657 honestatem,
1064 1612 1110 1648 ut
1148 1607 1212 1647 hic
1240 1607 1374 1647 statim
1415 1606 1456 1646 id
1497 1607 1861 1658 animadvertamus,
1902 1608 2022 1649 etiam
2064 1608 2247 1662 parabasi
2287 1621 2391 1649 com-

222 1676 393 1727 probare
419 1682 594 1716 conatur.

414 1744 524 1793 Quae
563 1757 655 1785 vero
696 1748 914 1795 sequuntur
952 1759 1075 1796 usque
1116 1744 1167 1785 ad
1207 1758 1241 1786 v.
1282 1744 1372 1793 495,
1408 1744 1464 1783 sic
1491 1747 1607 1783 erunt
1632 1743 1872 1793 explicanda,
1926 1743 2108 1783 Judicum
2135 1756 2268 1783 coram
2294 1756 2392 1793 quos

219 1824 379 1853 causam
405 1823 520 1865 agere
556 1811 928 1865 periculosissimum
970 1813 1022 1853 sit
1059 1811 1168 1865 quod
1207 1810 1513 1853 misericordiam
1553 1809 1765 1864 implorare
1805 1810 1962 1853 studeat
1987 1810 2243 1864 Dicaeopolis,
2284 1810 2389 1852 haud

217 1873 332 1921 facile
359 1882 555 1924 miremur.
609 1882 688 1921 Sed
715 1882 765 1921 de
792 1882 944 1921 ratione
972 1894 1019 1920 ea
1046 1894 1127 1932 qua
1151 1881 1226 1920 hoc
1251 1881 1332 1929 fiat,
1371 1880 1504 1932 paullo
1531 1880 1646 1919 aliter
1672 1879 1923 1919 iudicandum
1960 1892 2043 1919 esse
2079 1880 2243 1921 videtur.
2296 1880 2390 1919 Abit

216 1948 283 1988 ille
309 1948 495 2000 supplicis
529 1948 736 1988 miserrimi
772 1948 951 1989 habitum
978 1952 1205 1999 sumpturus
1244 1948 1295 1987 ab
1335 1947 1521 1998 Euripide
1561 1960 1678 1997 quem
1720 1947 1919 1997 eleganter
1958 1960 2052 1987 sane
2090 1947 2251 1987 deridet.
2305 1946 2391 1993 Qua

216 2017 258 2056 in
284 2029 402 2057 scena
427 2016 524 2056 mihi
552 2015 652 2057 duae
678 2029 742 2057 res
759 2017 929 2057 maxime
956 2015 1154 2056 notandae
1179 2015 1381 2063 videntur3
1408 2015 1577 2066 primum
1597 2016 1699 2054 enim
1712 2015 1776 2054 hic
1789 2015 1936 2067 optime
1949 2015 2187 2068 descriptam
2200 2016 2387 2056 habemus

215 2089 400 2125 naturam
429 2084 695 2124 mendicorum
722 2098 876 2136 semper
903 2096 1133 2135 semperque
1160 2084 1250 2123 novi
1276 2083 1370 2133 quid
1396 2083 1647 2134 poscentium.
1700 2083 1774 2123 Illo
1801 2096 1893 2123 vero
1919 2088 2096 2134 tempore
2121 2084 2386 2123 mendicorum

214 2152 425 2191 multitudo
452 2151 558 2203 apud
585 2151 839 2191 Athenienses
865 2162 1101 2202 magnopere
1128 2150 1267 2199 crevit,
1307 2162 1395 2189 cum
1430 2150 1565 2190 rustici
1605 2162 1738 2190 omnes
1775 2151 1817 2190 in
1844 2150 1980 2191 urbem
2021 2150 2224 2191 convenire
2264 2150 2389 2190 coacti

215 2219 398 2272 essent,²)
449 2218 555 2269 quod
595 2218 879 2271 Aristophanes
925 2218 1018 2257 belli
1057 2217 1250 2257 malorum
1291 2229 1374 2256 esse
1419 2221 1524 2258 recte
1563 2218 1850 2259 arbitrabatur:
1891 2218 2025 2270 itaque
2066 2217 2257 2270 significat
2295 2217 2387 2259 belli

201 2288 404 2340 angustiis
442 2287 709 2336 mendicorum
746 2291 898 2337 pestem
944 2285 1141 2325 civitatem
1192 2285 1392 2332 invadere,
1442 2299 1529 2323 cum
1575 2299 1672 2336 pace
1718 2286 1824 2325 sacta
1876 2287 2116 2325 uberrimum
2161 2288 2384 2326 commerci-

212 2367 280 2395 um
339 2353 571 2405 divitiasque
631 2352 772 2394 florere
826 2353 969 2395 videas.
1059 2352 1186 2400 Quam
1237 2351 1394 2403 quidem
1448 2353 1680 2393 sententiam
1728 2366 1807 2393 non
1863 2354 1959 2393 satis
2013 2353 2119 2393 clare
2163 2367 2385 2406 expressam

212 2435 297 2463 esee
342 2420 590 2462 concedimus
638 2434 686 2461 ac
731 2420 897 2463 fortasse
942 2420 1030 2474 plus
1086 2420 1150 2461 hic
1210 2420 1333 2461 latere
1385 2419 1651 2462 existimamus
1700 2434 1820 2474 quam
1864 2425 1983 2474 poeta
2030 2422 2114 2474 ipse
2163 2423 2204 2462 in
2255 2423 2385 2463 animo

210 2491 360 2533 habuit.
416 2490 565 2530 Deinde
610 2494 743 2529 autem
789 2490 1067 2541 lepidissimam
1111 2490 1176 2528 hic
1219 2489 1341 2529 habes
1382 2489 1585 2540 parodiam
1624 2490 1841 2542 Euripidis3
1890 2503 1960 2530 cur
2008 2490 2072 2530 hic
2103 2491 2385 2542 Aristophanes

210 2559 262 2599 ad
288 2558 517 2610 Euripidem
544 2559 762 2607 devenerit,
804 2558 924 2598 etiam
951 2558 1026 2597 hoc
1066 2570 1156 2597 cum
1195 2556 1426 2596 comoediae-
1459 2556 1619 2596 consilio
1645 2561 1776 2608 potest
1813 2571 1906 2598 sane
1946 2557 2155 2600 conciliari.
2208 2557 2386 2599 Indicare

209 2627 313 2667 enim
339 2626 423 2667 vult
451 2627 551 2668 tales
578 2631 719 2679 poetas
747 2626 858 2666 nihili
886 2625 1166 2667 existimandos
1202 2638 1285 2665 esse
1312 2637 1437 2675 neque
1464 2624 1586 2665 unum
1614 2626 1655 2664 in
1684 2639 1731 2665 ea
1744 2637 1851 2677 pace,
1867 2625 1976 2665 cuius
1990 2625 2073 2677 ipse
2087 2626 2294 2677 imaginem
2308 2627 2381 2667 sibi

208 2693 411 2742 effinxerit,
440 2694 568 2733 locum
594 2707 710 2744 posse
737 2694 925 2734 obtinere.
980 2693 1058 2733 Sed
1084 2706 1133 2732 ne
1159 2693 1235 2731 hoc
1262 2691 1419 2742 quidem
1446 2696 1529 2731 tam
1554 2693 1658 2732 clare
1685 2692 1924 2743 significavit,
1965 2697 2011 2732 ut
2036 2706 2099 2732 me
2139 2694 2302 2732 nimium
2340 2695 2381 2733 in

207 2760 284 2801 hac
310 2773 466 2813 quoque
492 2773 536 2801 re
562 2761 801 2813 quaesivisse
827 2761 913 2801 iure
939 2761 1027 2813 quis
1055 2758 1290 2801 contendere
1316 2758 1450 2810 possit.
1504 2757 1643 2810 Itaque
1670 2772 1894 2811 quanquam
1922 2772 2039 2799 scena
2072 2759 2124 2799 sit
2158 2759 2272 2800 facile
2298 2774 2382 2801 om-

400 2900 429 2939 ¹)
452 2900 502 2932 Cf.
526 2910 556 2933 v.
579 2902 640 2932 9⁷1
666 2909 760 2940 ηψπ
796 2898 883 2933 εἶδες
906 2895 932 2929 ὦ
956 2896 1043 2931 εἶδες
1064 2892 1090 2928 ὦ
1114 2897 1210 2928 πᾶσα
1233 2894 1314 2927 πόλι
1335 2894 1397 2927 τὸν
1408 2894 1585 2939 φρόνιμον
1607 2893 1719 2938 ἄνδρα
1742 2895 1803 2929 τὸν
1824 2895 2027 2938 ὑπέρσοφον
2041 2906 2071 2928 x.
2087 2898 2156 2929 nl.
2179 2902 2213 2928 et
2234 2907 2264 2930 v.
2278 2899 2377 2929 1008:

205 2951 291 2991 ζηλῶ
315 2959 354 2984 σε
375 2951 435 2990 τῆς
456 2948 643 2990 εὐβουλίας.

398 3004 428 3039 ⁸)
452 3004 503 3038 Cf.
526 3004 629 3037 Thuc.
651 3004 696 3042 11,
720 3005 857 3037 14—17.
901 3006 960 3036 Ar.
984 3004 1067 3044 qu.
1093 3003 1153 3034 803
1177 3012 1248 3042 sqq.
