2599 3290
251 265 354 303 qnae
380 259 511 306 πνῖγος
535 255 617 295 eive
639 253 792 304 μακρόν
814 252 1039 304 apponam
1065 254 1117 294 ab
1145 266 1224 294 uno
1249 258 1407 294 tantum
1433 254 1591 294 homine
1615 254 1911 306 pronuntiatam
1951 267 2053 304 esse,
2094 259 2139 296 at
2179 256 2212 295 si
2238 256 2309 295 illa
2331 267 2426 307 pan

251 320 481 361 brevissima
506 321 658 373 longior
684 332 768 360 esse
781 320 865 360 visa
892 324 962 370 est,
989 325 1202 373 propterea
1216 321 1326 373 quod
1352 322 1538 361 ἀπνευστί
1558 321 1844 361 summoanimi
1870 320 2022 362 fervore
2039 323 2225 375 gravique
2249 322 2425 363 anhelitu

252 385 419 429 dicenda
443 393 542 439 erat,
568 401 793 441 quanquam
820 388 897 429 hoc
922 389 966 429 in
991 391 1217 442 anapaestis
1242 404 1322 431 non
1350 394 1437 431 erat
1462 390 1741 439 necessarium,
1782 390 1934 431 tributa
1961 392 2028 431 uni
2053 391 2201 432 homini
2228 391 2426 432 contentio

251 457 340 497 iuos
365 468 524 508 quoqne
551 469 686 498 versus
710 456 867 496 dicendi
894 458 1112 497 certissime
1138 459 1265 499 maior
1290 458 1366 498 fuit
1402 470 1521 509 quam
1561 462 1607 497 ut
1645 458 1745 497 bene
1786 470 1874 497 eam
1912 459 2103 499 sustinere
2143 463 2285 510 posset.
2339 459 2425 500 lam

253 536 343 563 cum
370 523 479 562 nulla
504 523 609 562 adsit
635 535 764 572 causa,
792 535 864 562 our
890 524 955 565 hic
983 524 1095 564 chori
1122 525 1290 577 principi
1316 529 1550 576 anapaestos
1576 524 1762 564 dicendos
1790 524 2020 575 delegemus,
2048 525 2099 565 ab
2113 527 2292 566 universo
2306 526 2426 567 choro

254 605 321 632 eos
345 592 619 644 pronuntiatos
658 603 744 632 esse
782 594 1016 632 statuemus,
1071 591 1214 643 Pnigos
1241 597 1384 641 autem,
1424 591 1530 643 quod
1568 595 1802 643 anapaestos
1842 592 2037 643 seqnitur,
2077 593 2161 632 sine
2201 593 2320 633 dubio
2357 593 2426 632 uni

250 661 502 702 tribuendum
520 664 590 710 est,
616 660 788 712 primum
813 660 919 711 quod
937 660 1096 700 nomine
1123 673 1193 700 suo
1208 672 1286 701 non
1298 659 1457 710 dignum
1482 659 1629 708 fuisset,
1656 659 1689 699 si
1706 671 1732 699 a
1745 659 1890 708 multis,
1917 659 2005 700 aliis
2028 659 2127 699 alios
2140 660 2425 710 adiuvantibus,

251 729 461 769 recitatum
486 731 608 775 esset3
628 727 787 766 ‘deinde
812 728 932 766 etiam
962 739 1081 766 causa
1105 728 1236 777 posita
1262 731 1324 767 est
1349 728 1391 766 in
1417 726 1635 785 senteth
1660 739 1763 776 qnae
1802 726 1855 765 ad
1894 738 2014 765 unam
2052 731 2193 777 poetae
2218 740 2425 778 personam

252 799 374 847 atque
398 794 452 835 ad
478 795 563 835 eius
601 794 802 833 inimicum
838 805 991 833 summa
1018 793 1139 833 animi
1165 792 1381 834 acerbitate
1418 792 1595 845 respicit,
1634 794 1756 834 totius
1794 793 1964 835 civitatis
2002 807 2080 835 non
2120 799 2168 836 nt
2205 799 2324 836 antea
2362 794 2426 835 hic

253 876 411 915 quoque
435 863 590 902 ratione
617 862 763 901 habita.
817 861 958 912 Itaque
985 861 1134 912 optime
1160 862 1354 902 sententia
1389 863 1512 901 macri
1539 862 1718 901 convenit
1751 866 1797 901 ut
1830 863 1883 902 ab
1909 875 1987 902 uno
2013 862 2169 902 homine
2195 864 2428 915 proferatur,

253 932 364 972 chori
388 931 574 983 principe,
601 930 669 981 qui
696 942 855 970 causam
881 930 1009 980 ipsius
1036 934 1177 980 poetae
1205 930 1367 981 suscipit
1392 930 1547 970 fortiter
1573 929 1868 973 defendendam.

446 998 492 1038 V.
521 999 598 1039 629
628 994 734 1037 οὔπω
762 996 973 1047 παρέβη·
1000 996 1109 1036 schol
1133 1010 1142 1036 t
1179 997 1263 1037 οἶν-τὶ
1290 1000 1374 1046 τοῖ’,
1401 1000 1440 1039 έν
1466 1000 1514 1052 τῇ
1539 997 1759 1049 παραβάσει
1788 997 1894 1038 οὔπω
1923 996 2008 1040 εἶπε.
2064 998 2118 1038 At
2143 997 2218 1038 hoc
2244 998 2285 1037 in
2312 1010 2427 1038 voca-

252 1066 346 1107 bulo
372 1078 451 1106 non
477 1066 589 1114 inest,
616 1064 687 1105 sed
712 1064 913 1117 propriam
939 1064 1013 1104 hoc
1041 1065 1127 1104 loco
1155 1066 1299 1106 retinet
1324 1065 1656 1118 significationem,
1684 1078 1773 1104 eum
1799 1065 1936 1106 statim
1962 1064 2133 1105 addatur
2156 1066 2296 1117 λέξων,
2329 1078 2426 1106 non-

253 1136 348 1175 dum
373 1140 493 1187 poeta
517 1135 702 1186 parabosi
728 1147 823 1173 usus
851 1138 921 1180 est,
962 1137 1008 1172 ut
1033 1147 1127 1172 suas
1152 1134 1272 1184 ipsius
1299 1134 1464 1173 virtutes
1491 1134 1759 1186 spectantibus
1784 1138 1990 1185 proponat.
2043 1134 2293 1185 Quantopere
2333 1147 2426 1173 vero

254 1203 391 1244 comici
416 1206 536 1254 poeta
562 1201 668 1242 soliti
694 1200 841 1241 fuerint
866 1201 907 1240 in
934 1202 1160 1252 anapaestis
1185 1215 1227 1241 se
1254 1215 1424 1252 suasque
1450 1203 1614 1242 virtutes
1640 1201 1886 1253 praedicare,
1926 1206 1972 1241 nt
1996 1201 2130 1241 multis
2154 1201 2243 1242 aliis
2269 1202 2328 1242 ita
2352 1202 2428 1242 hoc

253 1284 409 1324 quoque
449 1270 536 1310 loco
576 1269 782 1311 indicatur.
792 1270 825 1321 ι)
889 1269 1030 1309 Dicere
1071 1274 1204 1308 antem
1244 1273 1329 1308 tum
1369 1273 1525 1319 poterat
1550 1269 1831 1320 Aristophanes
1871 1281 1914 1308 se
1952 1268 2026 1308 hoc
2066 1269 2239 1308 nondum
2278 1268 2427 1318 fecisse,

253 1338 535 1392 posterioribus
561 1349 652 1375 vero
679 1335 821 1374 fabulis
848 1336 922 1374 hoc
951 1349 1029 1374 non
1055 1337 1135 1374 iam
1166 1337 1200 1374 ei
1227 1336 1381 1383 licebat,
1422 1349 1513 1374 nam
1541 1337 1765 1387 saepissime
1791 1337 1956 1386 ingenue
1983 1336 2195 1386 praedicat,
2235 1340 2426 1386 quantum

252 1407 304 1448 de
330 1403 632 1447 Atheniensibus
658 1403 821 1445 meritus
848 1404 910 1453 sit,
938 1417 1105 1455 quorum
1119 1403 1270 1444 animos
1284 1403 1336 1443 ad
1363 1407 1511 1444 rectam
1537 1404 1731 1444 rationem
1743 1403 1952 1452 reduxerit,
1980 1407 2027 1443 nt
2052 1403 2245 1454 inVespis
2271 1417 2308 1446 v,
2322 1404 2424 1444 1017

253 1489 310 1528 sq.
338 1478 378 1515 et
402 1487 438 1514 v.
468 1472 571 1513 1043
599 1485 656 1523 sq.
684 1475 724 1512 et
750 1472 791 1511 in
818 1471 920 1511 Pace
947 1485 981 1512 v.
1011 1472 1089 1512 736
1118 1484 1203 1523 sqq.
1257 1471 1387 1523 Atque
1415 1471 1466 1511 ad
1493 1484 1676 1523 magnam
1710 1474 1836 1511 artem
1875 1470 2047 1511 animum
2083 1471 2200 1512 velim
2231 1471 2428 1522 attendas,

255 1556 335 1595 qna
361 1541 642 1592 Aristophanes
668 1540 710 1579 in
734 1541 955 1580 universum
983 1552 1073 1579 suas
1099 1540 1220 1590 ipsius
1245 1539 1381 1578 laudes
1409 1539 1665 1590 descripserit,
1693 1552 1782 1578 cum
1808 1539 2004 1589 quomodo
2030 1539 2104 1579 hoc
2117 1539 2425 1580 Acharnensium

253 1612 341 1652 loco
368 1622 435 1651 eas
461 1607 711 1649 adornaverit
750 1607 831 1647 iam
858 1619 979 1659 supra
1006 1607 1262 1659 exposuerim.
1317 1606 1418 1647 Nam
1444 1607 1563 1648 etiam
1589 1606 1750 1648 Graecis
1779 1610 1865 1647 erat
1904 1607 1985 1648 tale
2010 1607 2269 1659 proverbium,
2308 1607 2428 1660 quale

253 1680 499 1720 notissimum
524 1676 623 1716 illud
650 1675 926 1715 Germanicum
954 1676 1003 1715 de
1030 1689 1076 1715 eo
1102 1676 1169 1726 qui
1196 1680 1319 1715 semet
1353 1677 1481 1726 ipsum
1515 1675 1677 1715 laudare
1703 1675 1937 1725 aggreditur,
1978 1675 2027 1715 de
2054 1688 2133 1726 qua
2171 1688 2215 1715 re
2244 1676 2419 1716 conferas

252 1747 396 1789 Zenob.
424 1750 524 1786 cent.
552 1744 597 1792 V,
628 1745 705 1783 100
732 1743 773 1781 in
799 1742 1061 1793 Paroemiogr.
1116 1743 1279 1793 Gotting
1311 1743 1384 1785 vol.
1419 1743 1448 1784 I.
1477 1757 1514 1794 p.
1552 1743 1638 1784 160.
1647 1742 1679 1790 ²)
1734 1743 1872 1793 Itaque
1913 1743 1987 1783 hoc
2027 1744 2113 1783 loco
2141 1745 2422 1795 Aristophanes

252 1816 387 1857 statim
414 1827 449 1857 v,
475 1814 553 1854 629
583 1835 635 1841 —-
662 1825 696 1853 ν.
726 1811 805 1851 632
833 1823 991 1851 causam
1018 1810 1138 1859 addit,
1180 1824 1250 1850 cur
1290 1815 1382 1851 tunc
1407 1823 1486 1850 non
1526 1814 1610 1851 tam
1637 1824 1680 1851 se
1718 1810 1888 1861 laudare,
1926 1824 2045 1863 quam
2088 1810 2140 1852 ab
2178 1812 2424 1853 inimicorum

253 1885 408 1924 Cleonis
433 1883 602 1921 maxime
630 1881 834 1919 calumniis
861 1894 902 1919 se
929 1881 1136 1919 defendere
1164 1880 1418 1921 constituerit.
1473 1881 1544 1918 Vel
1579 1881 1698 1919 etiam
1738 1881 1907 1930 primum
1948 1881 2145 1930 vituperat
2170 1880 2424 1920 Atheniemes

251 1968 309 1992 τα
320 1968 380 2002 xv
391 1949 607 2002 ,δούλους
647 1961 713 1988 eos
740 1947 944 1999 appellans
978 1947 1084 1998 quod
1125 1960 1168 1986 re
1197 1947 1329 1998 aliqua
1367 1947 1418 1986 ab
1462 1947 1618 1987 homine
1658 1947 1833 1998 quolibet
1871 1948 2055 1999 imperito
2093 1948 2250 1999 prolata
2288 1948 2422 1988 statim

251 2018 416 2071 abrepti,
441 2030 519 2057 non
546 2029 630 2056 rem
657 2016 782 2068 ipsam
809 2015 1006 2067 quomodo
1033 2028 1170 2056 revera
1195 2029 1238 2055 se
1265 2015 1409 2056 habeat
1423 2016 1712 2056 considerantes
1740 2015 1920 2056 celeriter
1932 2015 2094 2056 consilia
2108 2016 2266 2068 capiant
2292 2016 2421 2056 funes-

250 2088 413 2134 tissima,
440 2097 542 2136 qnae
567 2084 804 2135 reipublicae
830 2084 1043 2134 perniciem
1078 2082 1254 2122 afferant.
1312 2083 1437 2130 Quam
1478 2085 1815 2136 reprehensionem
1856 2086 1976 2124 etiam
2016 2085 2102 2124 aliis
2128 2084 2280 2135 profert
2300 2085 2421 2132 loeis;

252 2153 430 2194 conferas
465 2151 567 2192 Nub.
602 2165 637 2190 v.
667 2150 744 2192 587
777 2164 851 2203 sq.:
894 2152 989 2204 φασὶ
1021 2149 1097 2202 γάρ
1143 2152 1376 2201 δυσβουλίαν
1421 2153 1509 2206 τῇδε
1545 2156 1593 2206 τῇ
1636 2151 1739 2193 πόλει
1784 2158 1987 2205 προσεῖναι.
2001 2153 2032 2205 ³)
2089 2151 2166 2192 Sed
2208 2166 2258 2193 ne
2301 2152 2421 2193 offen-

251 2222 400 2262 sionem
443 2219 633 2270 praebeat
676 2218 841 2266 civibus,
893 2219 1028 2258 statim
1074 2217 1186 2258 addit
1230 2230 1264 2257 V.
1308 2218 1402 2257 632:
1453 2218 1727 2270 ἀποκρίνεσθαι
1777 2220 1893 2259 δεῖται
1937 2220 2021 2259 νυνὶ
2057 2219 2153 2270 πρὸς
2193 2220 2421 2271 Ἀθηναίους

250 2285 619 2340 μεταβούλους.
1004 2326 1008 2329 ,

443 2355 579 2409 Neque
605 2354 709 2394 enim
733 2357 825 2394 sunt
850 2353 976 2394 solum
1004 2352 1182 2393 celeriter
1209 2352 1393 2393 commoti
1420 2352 1471 2393 ad
1498 2352 1603 2393 mala
1629 2353 1788 2394 consilia
1814 2353 2013 2409 capienda,
2041 2354 2110 2395 sed
2135 2354 2169 2396 si
2196 2355 2282 2407 quis
2307 2355 2421 2397 iustis

249 2425 413 2478 prolatis
441 2423 567 2462 causis
592 2423 633 2461 in
659 2421 804 2461 bonam
830 2426 983 2473 partem
1010 2421 1198 2460 inclinare
1225 2433 1292 2460 eos
1310 2421 1452 2469 studet,
1480 2421 1640 2460 mutatis
1667 2421 1806 2461 animis
1833 2422 1952 2462 etiam
1978 2422 2142 2464 meliora
2162 2424 2272 2476 sequi
2305 2423 2419 2466 facile

445 2530 474 2570 ¹)
497 2528 548 2563 Cf.
569 2529 630 2562 Th.
652 2526 786 2568 Bergk„
810 2527 851 2559 de
874 2528 1018 2568 reliqniis
1042 2526 1233 2559 comoediae
1255 2527 1386 2558 Atticae
1409 2527 1571 2567 antiquae,
1591 2525 1721 2567 Lipsiae
1746 2529 1826 2560 1838
1850 2538 1882 2568 p.
1904 2529 1980 2562 417.

441 2582 472 2621 ²⁷)
496 2579 658 2619 σαυτὴν
679 2579 896 2613 ἐπαινεῖςε
919 2578 1003 2619 αὕτη
1025 2580 1093 2610 τῶν
1115 2577 1185 2609 κατ’
1212 2578 1366 2619 ἔλλειψιν
1387 2579 1583 2619 λεγομένων
1604 2578 1686 2610 ἐστί·
1708 2576 1746 2610 τὸ
1769 2578 1808 2611 δὲ
1831 2580 1954 2622 πλῆρες
1976 2578 2043 2621 ἔχει
2067 2576 2182 2619 οὕτως,

817 2629 970 2670 σαυτὴν
992 2630 1143 2662 ἔπαινε
1157 2633 1210 2671 ῖς,
1234 2629 1378 2673 ὥσπερ
1397 2628 1683 2671 Ἀστυδάμας,
1705 2629 1845 2673 γύναι.

244 2683 459 2728 Ἀστυδάμας
480 2683 547 2727 γὰρ
578 2682 595 2715 ὁ
625 2685 817 2726 Μορσίμου
845 2679 1057 2725 εὐημερήσας
1090 2682 1129 2714 ἐν
1160 2683 1200 2727 τῇ
1238 2680 1416 2727 ὑποκρίσει
1448 2684 1728 2725 Παρθενοπαίου,
1762 2682 1944 2726 ἐψηφίσθη
1967 2682 2098 2720 εῗκὸνος
2133 2683 2172 2717 ἐν
2203 2685 2249 2726 τῷ
2281 2682 2415 2729 θεάτρῳ

247 2737 447 2777 ἀξιωθῆναι.
472 2734 611 2778 γράψας
634 2731 697 2767 οὖν
717 2733 818 2769 αὐτὸς
840 2735 1046 2777 ἐπίγραμμα
1070 2732 1088 2766 ὁ
1112 2732 1329 2776 Ἀστυδάμας
1351 2734 1497 2766 ἔπαινον
1517 2733 1638 2766 ἑαυτοῦ
1667 2735 1748 2776 ἔχον
1770 2733 1958 2777 ἀνήνεγκεν
1991 2736 2049 2767 ἐπὶ
2081 2735 2143 2775 τὴν
2162 2734 2298 2776 βουλήν*
2321 2737 2354 2767 οἱ
2376 2737 2416 2767 δὲ

248 2790 468 2832 ἐψηφίσαντο
491 2785 534 2823 ὡς
556 2787 707 2829 ἐπαχθὲς
728 2784 811 2820 αὐτὸ
840 2788 962 2830 μηκέτι
982 2786 1232 2830 ἐπιγραφῆναι.
1267 2783 1323 2819 διὸ
1353 2786 1410 2817 καὶ
1442 2783 1653 2823 σκώπτοντες
1675 2785 1781 2820 αὐτὸν
1803 2787 1836 2819 οἱ
1857 2790 1995 2829 ποιηταὶ
2015 2789 2134 2830 ἔλεγον
2165 2801 2196 2823 κ.
2227 2801 2258 2823 τ.
2291 2791 2320 2823 λ.
2365 2790 2416 2821 Cf.

247 2843 401 2873 Leutsch.
424 2846 505 2873 nott.
529 2841 571 2871 ad
593 2841 624 2870 h.
647 2841 669 2872 1.
712 2840 756 2870 Ut
777 2844 942 2874 taceamus
965 2841 1169 2870 notissimum
1190 2840 1270 2869 illud
1291 2839 1507 2871 Demosthen.
1532 2840 1572 2870 de
1595 2849 1662 2873 cor.
1685 2840 1714 2879 ξ.
1729 2841 1748 2872 3
1772 2850 1822 2880 sq.

440 2892 471 2933 ³)
495 2893 545 2926 Cf.
562 2893 600 2926 C.
622 2892 659 2924 F.
680 2892 858 2926 Hermann.
888 2892 909 2923 l.
930 2901 961 2926 0.
984 2892 1014 2932 ξ.
1040 2894 1112 2930 164,
1136 2894 1185 2925 15.
1229 2892 1354 2926 Knster.
1377 2893 1419 2924 ad
1443 2894 1502 2926 Ar.
1524 2893 1586 2933 Eq.
1609 2904 1640 2926 v.
1665 2895 1764 2925 1055:
1799 2904 1899 2933 qnare
1922 2894 1998 2926 olim
2021 2894 2239 2925 Athenienses
2261 2895 2358 2934 vulgo
2381 2900 2414 2925 et

246 2948 445 2981 haberentur
466 2950 500 2976 et
521 2946 704 2976 dicerentur
725 2942 929 2985 κακόβουλοι
950 2946 1005 2976 vel
1028 2942 1225 2986 δύσβουλοι,
1248 2946 1383 2988 exponit
1405 2946 1507 2977 schol.
1531 2945 1572 2978 ad
1593 2945 1666 2977 Nub
1679 2971 1686 2979 .
1720 2947 1781 2978 58⁷
1805 2951 1838 2979 et
1860 2947 1951 2980 Eecl.
1973 2947 2034 2979 471
2065 2947 2205 2987 itemque
2229 2946 2348 2980 Snidas
2380 2948 2413 2979 in

234 3002 423 3040 Δθηναίων
445 2997 633 3038 δυσβουλία
656 3004 689 3028 et
710 2999 914 3040 γεραίτερος.
