2599 3290
1311 109 1337 150 2

431 247 695 297 Quamobrem
719 244 1026 288 Atheniensibus
1047 243 1110 284 vel
1134 244 1305 284 maxime
1331 244 1552 285 curandum
1579 257 1675 293 esse,
1701 248 1748 284 ut
1760 244 1864 284 hunc
1889 246 2050 296 poetam
2074 243 2150 284 sibi
2175 248 2416 295 conservent,

235 316 307 370 qui
331 315 417 357 iure
442 318 599 357 tautum
624 313 732 356 mala
757 313 900 355 civium
924 312 1032 354 facta
1053 311 1218 353 irridere
1253 311 1330 354 sibi
1363 312 1612 365 proposuerit
1638 313 1913 364 civitatemque
1937 312 1991 353 ad
2016 311 2243 354 felicitatem
2268 313 2416 355 duom

242 387 415 433 conetur,

624 448 671 491 οὖ
696 448 889 490 θωπεύων
915 448 997 490 οὐδ’
1022 446 1230 490 ὑποτείνων
1254 445 1426 500 μισθοὺς
1452 447 1535 489 οὐδ’
1562 448 1841 498 ἐξαπατύλλων,

624 519 714 557 οὐδὲ
740 521 966 567 πανουργῶν
994 517 1082 555 οὐδὲ
1107 517 1324 567 κατάρδων,
1352 517 1450 555 ἀλλά
1478 517 1789 569 τοὶβέλτιστζα
1816 518 1974 557 διώκων.

428 585 515 627 Iam
542 599 633 626 cum
657 584 764 636 quod
789 598 824 625 v.
839 585 917 624 659
944 584 1121 636 sequitur
1147 589 1276 633 πνῖγος
1301 596 1373 624 seu
1396 584 1547 635 μακρόν
1585 588 1672 624 tota
1713 585 1907 624 sententia
1946 596 2035 623 cum
2073 584 2298 635 anapaestis
2337 584 2408 635 qui

237 654 476 698 antecedunt
500 652 718 695 arctissime
744 651 994 693 coniunctum
1020 651 1082 702 sit,
1108 652 1338 704 priusquam
1359 664 1503 692 nexum
1517 652 1586 705 qui
1610 652 1713 693 inter
1740 665 1788 693 ea
1800 665 1902 704 quae
1915 652 2137 704 anapaestis
2163 651 2416 693 continentur

237 728 279 765 et
303 724 426 764 totius
450 722 606 763 fabulae
646 720 850 761 consilium
886 719 1104 761 intercedat
1137 731 1384 771 exponemus,
1422 720 1592 761 breviter
1632 720 1681 760 de
1720 733 1902 761 versuum
1942 721 2020 761 659
2034 741 2089 750 —
2102 720 2182 761 664
2219 719 2417 761 sententia

236 791 421 832 dicemus.
473 791 604 841 Atque
630 789 682 828 ab
708 788 818 828 initio
844 787 1081 839 parabaseos
1122 787 1232 827 chori
1269 788 1451 839 princeps
1487 789 1537 828 de
1575 793 1694 840 poeta
1733 793 1925 840 tanquam
1963 789 2041 829 alio
2080 788 2252 840 quodam
2290 788 2413 829 verba

235 858 394 909 fecerat,
419 858 485 899 hic
509 860 628 910 poeta
654 856 829 897 oratione
855 868 976 907 quam
1002 855 1262 908 componebat
1287 855 1479 896 excitatus
1504 857 1588 909 ipse
1613 858 1654 897 in
1668 857 1828 909 choragi
1854 857 2024 909 osquasi
2048 857 2187 909 irrepit
2212 860 2253 897 et
2272 859 2410 908 aperta

237 927 288 967 de
314 940 357 967 se
381 927 565 978 loquitur.
578 927 610 979 ¹)
663 925 727 965 Ita
761 924 827 964 hic
865 927 911 963 ut
950 924 992 963 in
1017 923 1120 964 Pace
1158 923 1293 964 fabula
1332 938 1367 967 v.
1402 924 1481 965 754
1507 929 1667 975 repente
1705 939 1896 976 personae
1935 929 2153 968 mutantur.
2205 924 2412 965 Postremo

168 1004 170 1006 ·
239 998 373 1035 autem
394 998 517 1046 'poeta
543 1007 585 1034 se
610 993 716 1032 iusta
741 1005 864 1044 usque
891 1005 1098 1032 suasurum
1132 992 1174 1031 in
1201 993 1409 1033 comoediis
1445 997 1695 1044 exposuerat,
1734 994 1815 1033 iam
1853 994 1965 1034 addit
1988 1007 2192 1045 nunquam
2229 993 2323 1042 fore,
2361 995 2409 1032 ut

240 1060 394 1102 Cleonis
420 1061 535 1102 minis
561 1073 609 1100 ac
634 1059 824 1099 machinis
850 1059 902 1099 ab
929 1059 1004 1099 hoc
1031 1058 1195 1099 desistat
1220 1059 1422 1110 proposito
1463 1063 1504 1099 et
1529 1060 1726 1101 hominem
1765 1062 1946 1102 timidum
1984 1066 2106 1113 atque
2145 1062 2326 1112 ignarum
2364 1072 2411 1100 se

237 1128 437 1181 praebeat,
464 1141 557 1168 uam
581 1140 609 1168 a
633 1140 706 1171 sua
731 1131 846 1178 parte
872 1130 977 1167 stare
1002 1126 1205 1175 iustitiam,
1224 1138 1393 1177 quacum
1419 1127 1606 1167 societate
1633 1128 1862 1170 coniunctus
1887 1128 2182 1173 acerbissimum
2196 1130 2408 1186 certamen

235 1196 335 1237 inire
361 1199 524 1248 pax-auis
564 1196 625 1238 sit.
679 1195 852 1247 Respicit
889 1195 1009 1247 igitur
1035 1194 1098 1234 hic
1125 1194 1179 1234 ad
1204 1208 1238 1236 v,
1266 1194 1343 1234 377
1372 1208 1476 1246 sqq.:
1518 1197 1636 1244 αὐτός
1661 1198 1862 1247 τ’ἓμαυτὸν
1887 1196 1962 1237 ὑπὸ
1986 1199 2167 1244 Κλέωνος
2193 1198 2356 1237 ἅπαθον

1521 1265 1723 1314 ἐπίσταμαι
1752 1264 1817 1304 dua*
1845 1265 1915 1316 τήν
1941 1266 2075 1317 πέρυσι
2103 1266 2317 1319 κωμῳδίαν.

1528 1333 1743 1379 εἶσελκύσας
1770 1333 1843 1384 γάρ
1870 1332 1911 1384 μ’
1938 1335 1976 1381 ἐς
2002 1332 2046 1373 τὸ
2072 1333 2344 1386 βουλευτήριον

262 1436 265 1439 .
1519 1402 1690 1451 διέβαλλε
1717 1418 1750 1443 κ.
1778 1418 1811 1444 τ.
1838 1404 1874 1443 λ.

240 1470 291 1510 de
317 1470 458 1521 quibus
485 1469 658 1509 versibus
686 1481 775 1509 cum
802 1479 921 1519 supra
948 1467 1172 1516 diceremus,
1198 1467 1254 1507 ibi
1279 1468 1359 1507 iam
1385 1469 1634 1517 sententiam,
1676 1482 1777 1520 quae
1803 1469 1988 1520 pai-abasi
2023 1469 2142 1509 latius
2182 1468 2408 1520 explicetur,

238 1537 453 1579 indicatam
479 1550 563 1578 esse
589 1537 834 1585 monuimus3
862 1534 969 1587 quod
993 1534 1061 1575 illo
1101 1535 1187 1576 loco
1214 1536 1460 1589 Dicaeopolis
1486 1536 1759 1588 Aristophanis
1801 1538 2014 1590 personam'
2048 1537 2213 1577 iuduens
2251 1536 2411 1587 iudicat,

242 1606 307 1645 hic
334 1606 524 1657 choragus
552 1609 592 1649 et
617 1606 700 1656 ipse
727 1605 767 1643 in
794 1603 1095 1656 Aristophanem
1121 1608 1295 1645 mutatus
1323 1605 1427 1645 clare
1453 1606 1622 1657 exponit.

434 1674 490 1713 Ut
515 1673 567 1713 ad
592 1686 676 1713 rem
702 1674 954 1725 praecipuam
980 1677 1247 1722 transeamus,
1288 1674 1383 1724 quid
1408 1674 1548 1714 melius
1590 1686 1678 1712 cum
1719 1673 1878 1712 consilio
1918 1673 2039 1712 totius
2067 1673 2290 1713 comoediae
2315 1685 2410 1712 con-

245 1740 369 1781 ciliari
394 1744 526 1792 potest
552 1753 671 1791 quam
697 1744 743 1779 ut
768 1740 802 1780 is
830 1741 897 1791 qui
922 1752 1060 1791 pacem
1087 1740 1358 1781 commendare
1384 1740 1542 1781 studeat
1568 1754 1657 1781 cum
1685 1741 1740 1780 eis
1766 1753 1864 1790 quos
1891 1753 2024 1780 omnes
2044 1740 2293 1788 acerbissimo
2318 1740 2410 1780 odio

243 1812 528 1860 persequantur
566 1808 802 1856 faciendam,
856 1821 898 1847 se
939 1798 1094 1848 omnino
1133 1809 1281 1859 optima
1321 1808 1481 1847 consilia
1519 1809 1666 1847 civibus
1705 1808 1825 1846 etiam
1864 1811 1982 1846 antea
2029 1808 2181 1847 dedisse
2214 1807 2413 1847 affirmet?

244 1876 366 1928 Atqui
391 1876 482 1915 talis
509 1874 718 1915 affirmatio
746 1874 890 1915 nullius
918 1879 1004 1915 erat
1029 1875 1226 1924 momenti,
1253 1875 1287 1914 si
1313 1874 1475 1914 carebat
1500 1876 1755 1926 argumentis,
1783 1888 1862 1927 qua
1886 1875 1936 1914 de
1962 1887 2081 1915 causa
2106 1879 2153 1915 ut
2177 1888 2226 1915 ea
2248 1874 2409 1916 afferret

243 1948 363 1998 poeta
388 1957 540 1985 summa
567 1948 652 1985 arte
678 1944 858 1994 instituit,
884 1944 1066 1984 nimirum
1093 1947 1179 1985 erat
1205 1943 1465 1994 metuendum,
1502 1948 1548 1984 ut
1575 1957 1663 1984 cum
1690 1948 1812 1985 semet
1838 1944 1967 1996 ipsum
1991 1943 2191 1993 laudaret,
2226 1944 2411 1985 vanitatis

244 2014 382 2054 vitium
409 2014 676 2065 contraheret;
717 2014 850 2064 itaque
889 2014 1058 2065 primum
1098 2027 1139 2053 se
1175 2025 1374 2064 nunquam
1414 2016 1531 2052 antea
1571 2011 1623 2051 ad
1663 2025 1753 2052 suas
1793 2012 1914 2064 ipsius
1954 2012 2090 2053 laudes
2128 2012 2412 2064 praedicandas

246 2095 471 2134 aggressum
499 2095 581 2122 esse
608 2081 810 2133 praefatur
835 2095 870 2121 v,
899 2084 994 2122 629:

740 2148 846 2190 οὔπω
872 2152 1021 2202 παρέβη
1048 2150 1144 2201 πρός
1169 2150 1213 2190 τό
1243 2152 1411 2202 θέατρον
1437 2151 1556 2197 λέξων
1574 2148 1626 2197 ὥς
1653 2150 1774 2197 δέξιός
1801 2151 1913 2190 ἐστιν.

246 2222 366 2269 atque
393 2218 469 2258 hoc
495 2222 650 2258 tantum
685 2222 878 2269 tempore,
920 2232 1009 2257 cum
1035 2218 1086 2257 ab
1126 2218 1290 2257 inimicis
1330 2218 1546 2257 calumniae
1585 2218 1627 2256 in
1667 2230 1756 2257 eum
1792 2221 1998 2268 congestae
2038 2219 2127 2266 sint,
2167 2221 2211 2257 ut
2251 2217 2302 2257 ad
2341 2229 2411 2257 eas

245 2284 481 2336 respondere
508 2284 583 2324 sibi
610 2284 737 2333 liceat,
764 2285 848 2334 sibi,
865 2298 948 2324 esse
973 2284 1249 2336 flagitandum3
1277 2283 1415 2324 deinde
1440 2284 1528 2336 ipsa
1544 2287 1784 2336 argumenta,
1812 2296 1915 2337 quae
1941 2297 2014 2337 pro
2041 2297 2159 2325 causa
2184 2297 2255 2325 sua
2280 2282 2406 2334 affert,

244 2352 304 2392 ita
328 2353 506 2404 exposita
532 2356 651 2405 atque
678 2357 905 2405 comparata
931 2356 1031 2403 sunt,
1058 2356 1104 2393 ut
1128 2353 1242 2404 idem,
1269 2353 1375 2405 quod
1400 2353 1583 2394 vanitatis
1611 2353 1862 2406 opprobrium
1888 2353 2013 2405 possit
2037 2353 2220 2402 excitare,
2263 2353 2411 2393 excitet

244 2421 367 2461 risum
394 2422 663 2473 spectantium.
718 2422 838 2473 Atqui
864 2422 898 2461 si
924 2422 1011 2473 quis
1037 2421 1111 2461 hoc
1137 2421 1352 2474 perfecerit,
1374 2426 1420 2462 ut
1446 2421 1551 2473 quod
1565 2421 1633 2462 alii
1658 2422 1694 2462 ei
1720 2422 1814 2461 vitio
1831 2425 1982 2462 vertere
2007 2422 2166 2473 possint,
2190 2420 2232 2461 id
2256 2420 2412 2462 ridendi

245 2501 405 2528 causam
431 2489 487 2529 eis
512 2489 718 2540 praebeat,
738 2490 868 2529 omnia
894 2502 995 2540 quae
1021 2489 1143 2528 voluit
1182 2502 1275 2528 sane
1302 2493 1532 2529 consecutus
1558 2503 1643 2530 esse
1682 2490 1896 2529 censendus
1935 2494 2005 2538 est,
2045 2490 2150 2529 omni
2188 2488 2414 2539 offensione,

246 2569 368 2607 quam
394 2556 495 2596 serio
522 2570 681 2597 causam
707 2569 819 2597 suam
842 2570 960 2608 agens
985 2557 1210 2596 incursurus
1237 2560 1333 2606 erat,
1360 2557 1526 2599 sublata.
1583 2557 1696 2605 Quod
1722 2570 1814 2597 vero
1839 2559 1954 2608 poeta
1977 2560 2175 2609 postremo
2202 2555 2337 2606 affert,
2365 2569 2413 2598 se

245 2622 401 2665 fortiter
427 2623 581 2666 obviam
619 2624 676 2665 ire
703 2625 863 2666 summis
888 2624 1080 2677 periculis,
1120 2638 1222 2677 quae
1247 2638 1297 2665 ne
1323 2628 1442 2666 antea
1466 2625 1624 2677 quidem
1649 2624 1966 2674 reformidaverit,
1991 2624 2033 2664 id
2059 2624 2202 2665 mirum
2215 2628 2412 2676 quantum

247 2693 585 2732 accommodatum
612 2704 695 2733 esse
721 2692 773 2732 ad
798 2692 1044 2733 honestatem
1057 2705 1168 2732 suam
1195 2692 1392 2744 animique
1419 2692 1655 2745 probitatem
1667 2692 1811 2746 populo
1823 2691 2069 2748 probandam
2093 2691 2209 2733 facile
2221 2695 2410 2746 apparet:

247 2772 350 2811 quae
389 2760 422 2801 si
465 2760 635 2813 probata
678 2765 798 2812 esset,
843 2762 944 2802 cives
985 2761 1079 2802 data
1123 2762 1284 2803 consilia
1327 2763 1458 2803 animo
1502 2761 1687 2803 benevolo
1732 2765 1959 2813 accepturos
1991 2774 2075 2802 esse
2117 2762 2204 2802 iure
2249 2774 2412 2813 sperare

247 2830 416 2879 poterat.

443 2987 471 3023 ¹)
496 2987 546 3021 Cf.
569 2986 604 3021 C.
625 2987 732 3028 Kock,
755 2988 797 3019 de
818 2988 982 3027 pax-abasi,
1005 2990 1157 3027 antiquae
1178 2988 1369 3019 comoediae
1389 2988 1520 3018 Atticae
1541 2988 1727 3021 inter-ludio.
1772 2989 1965 3030 Grynum-Pr.
2008 2991 2146 3027 Anclm
2170 2994 2271 3035 1856,
2299 3004 2332 3034 p.
2356 2996 2410 3028 142
