2599 3290
178 292 183 297 ·
374 270 607 312 Accedimus
646 270 699 311 ad
739 274 922 322 quartam
964 270 1202 324 parabaseos
1242 276 1398 324 partem
1437 271 1640 324 stropham
1678 271 1741 311 vel
1780 269 1913 322 odam,
1954 283 2075 324 quam
2113 272 2281 314 alteram
2306 272 2359 314 ab

180 340 312 381 'altera
338 339 532 379 diversam
558 339 620 379 vel
645 338 763 379 odam
790 344 830 379 et
856 340 1060 392 stropham
1102 340 1275 382 diversas
1310 341 1484 382 eiusdem
1517 340 1577 380 rei
1614 351 1718 392 quae
1755 339 1919 393 stropha
1957 343 2098 381 vocata
2135 340 2188 380 sit
2226 343 2359 393 partes

183 422 270 451 esse
293 409 491 450 immerito
517 408 774 449 contenderat
800 408 850 449 H.
864 409 1042 459 Koester,
1069 414 1276 453 comment.
1303 410 1353 451 de
1378 409 1553 451 Graecae
1579 409 1803 450 comoediae
1828 408 2013 461 parabasi
2025 408 2057 461 ¹)
2084 422 2122 461 p.
2152 408 2213 458 11,
2240 421 2357 461 quem

183 477 342 531 quidem
368 481 475 518 recte
501 476 687 519 refutavit
713 476 755 518 C.
782 477 895 518 Kock
920 477 947 520 1.
973 492 1007 519 c.
1025 492 1073 530 p.
1104 478 1153 520 17
1180 492 1239 531 sq.
1294 477 1488 531 Strophae
1523 481 1655 518 autem
1695 480 1737 518 et
1775 476 2045 530 antistrophae
2084 480 2357 529 argumentum

183 559 340 606 semper
363 546 528 599 lyricum
554 549 626 595 est,
652 545 786 598 itaque
813 546 1044 599 plerumque
1071 547 1273 588 continent
1297 550 1368 588 aut
1393 546 1556 587 deorum
1590 545 1777 598 hymnum
1812 548 1859 586 ut
1883 544 1950 587 Ar.
1976 544 2104 588 Nubb.
2131 544 2356 594 563-574,

183 615 409 665 595-606,
432 614 565 667 Equit.
579 615 806 666 551-564,
832 615 1056 666 581—594,
1084 619 1154 657 aut
1172 629 1307 658 musae
1332 614 1616 657 invocationem
1632 616 1679 654 ut
1692 612 1762 657 Av.
1775 613 1998 663 736-751,
2022 613 2113 654 Pac.
2128 613 2353 662 775—796,

177 682 407 730 '797-817,
433 681 532 723 Ran.
561 682 641 722 674
658 705 705 712 —
726 684 816 730 685,
857 687 928 721 aut
965 682 1073 721 aliud
1113 683 1218 734 quid.
1232 683 1261 732 ²)
1316 682 1402 722 Hoc
1441 682 1750 722 Acharnensium
1787 681 1874 721 1000
1912 681 2100 722 habemus
2140 682 2355 733 stropham,

177 763 216 792 v.
242 750 321 790 665
350 772 404 780 -
430 763 465 790 ν.
492 751 582 799 675,
610 762 690 802 11110
716 762 829 790 musa
854 750 1059 791 invocatur
1071 750 1291 792 Acharnica
1316 750 1447 791 animo
1473 750 1587 802 igneo
1605 749 1794 801 praedita,
1819 753 1866 790 ut
1891 761 2048 791 carmen
2062 750 2355 801 poetaeafferat

179 815 388 857 vehemens
413 820 534 868 atque
560 817 777 857 incitatum.
833 816 942 864 Quae
968 816 1155 869 strophae
1182 815 1437 858 conformatio
1465 821 1505 858 et
1538 816 1638 858 bene
1679 816 1731 858 ad
1771 816 1969 869 ingenium
2009 816 2180 870 quadrat
2206 818 2353 860 Achar-

180 884 379 934 nennium,
413 885 559 937 quippe
585 885 654 936 qui
680 886 892 925 maximam
918 890 1073 937 partem
1100 890 1229 926 essent
1256 886 1485 935 carbonarii,
1511 890 1552 926 et
1576 886 1727 926 animos
1754 898 1890 926 eorum
1917 886 1985 936 qui
2010 890 2190 937 spectant
2223 887 2354 928 reddit

180 954 355 994 attentos
381 951 433 994 ad
459 952 681 1006 epirrhema
706 952 813 1006 quod
839 953 1027 1006 sequitur.

374 1021 502 1072 Atque
530 1021 792 1073 epirrhemate
817 1021 908 1061 inde
935 1035 961 1061 a
986 1036 1020 1065 v.
1049 1023 1127 1066 676
1156 1045 1208 1053 -
1249 1037 1283 1065 v.
1313 1024 1390 1064 691
1432 1022 1572 1063 acerbe
1598 1025 1818 1074 queruntur
1843 1034 1954 1063 senes
1993 1021 2053 1062 illi
2093 1034 2135 1063 se
2175 1034 2254 1062 11011
2293 1034 2350 1071 00,

179 1104 296 1143 11110111
321 1091 403 1131 vita
427 1093 520 1129 ante
546 1094 637 1130 acta
662 1090 792 1130 meriti
819 1090 907 1140 sint,
944 1091 1032 1131 1000
1058 1105 1083 1131 0
1111 1091 1259 1132 civibus
1298 1091 1452 1139 haberi,
1493 1091 1563 1130 sed
1601 1091 1783 1130 iuvenum
1822 1090 2031 1130 subtilibus
2070 1090 2272 1130 calumniis
2311 1091 2352 1129 in

178 1158 321 1200 iudicio
348 1156 619 1199 circumveniri
646 1159 687 1198 et
712 1157 887 1199 mulcari.
940 1158 1025 1199 Iam
1065 1159 1185 1210 igitur
1224 1159 1435 1211 quaer-itm,
1477 1158 1672 1210 quomodo
1711 1157 1809 1197 haec
1848 1157 2121 1210 epirrhematis
2158 1159 2353 1198 sententia

177 1226 358 1266 instituto
398 1224 622 1265 comoediae
662 1226 878 1268 conveniat.
943 1227 1070 1274 Quam
1110 1228 1344 1267 sententiam
1384 1227 1503 1266 etiam
1547 1238 1619 1277 per
1658 1225 1944 1276 antistropham
1983 1229 2024 1265 et
2061 1225 2351 1278 antepirrhema

178 1293 427 1346 persequitur
471 1296 602 1344 poeta,
639 1297 841 1343 postremo
867 1293 1054 1333 adiuncto
1094 1294 1255 1334 consilio
1268 1325 1277 1342 ,
1317 1298 1363 1333 ut
1386 1307 1512 1333 -senes
1553 1293 1602 1333 de
1642 1293 1815 1341 senibus,
1861 1293 1910 1332 de
1950 1292 2152 1333 iuvenibus
2191 1294 2349 1333 iuvenes

178 1372 412 1413 cognoscere
438 1361 565 1401 liceat.
618 1360 792 1412 Respicit
818 1364 950 1401 autem
978 1361 1042 1401 hic
1068 1362 1350 1413 Aristophanes
1378 1361 1430 1402 ad
1457 1360 1603 1401 malum
1630 1360 1791 1411 aliquod
1817 1360 2104 1412 gravissimum,
2132 1360 2236 1411 quod
2263 1365 2348 1401 tum

177 1428 460 1480 rempublicam
473 1428 616 1467 invasit
629 1427 894 1479 sophistarum
922 1432 962 1468 et
976 1429 1314 1480 sycophantarum,
1327 1428 1360 1477 ³)
1387 1428 1528 1480 quibus
1541 1428 1671 1480 prisca
1696 1427 1766 1467 illa
1779 1440 1872 1480 gens
1886 1426 2346 1468 Marathonomacharum

179 1498 213 1538 si
237 1497 280 1537 in
304 1496 493 1537 iudicium
519 1496 764 1536 vocabantur
788 1497 969 1537 resistere
997 1510 1075 1537 non
1101 1502 1294 1549 poterant.
1347 1497 1428 1537 Nec
1469 1501 1601 1537 tamen
1641 1496 1742 1535 hanc
1784 1496 1952 1536 civitatis
1978 1499 2128 1547 pestem
2170 1497 2211 1536 in
2250 1509 2346 1548 pace

178 1563 467 1616 Aristophanea
491 1562 622 1603 10011111
647 1563 794 1603 habere
822 1577 935 1615 posse
962 1565 1002 1604 in
1029 1565 1237 1616 propatulo
1271 1565 1389 1605 situm
1423 1569 1501 1612 est,
1543 1568 1663 1615 atque
1704 1576 1793 1603 cum
1819 1562 2065 1615 Dicaeopolis
2101 1564 2229 1604 forum
2256 1577 2347 1605 con-

180 1631 353 1672 stituerit
378 1631 420 1670 in
446 1643 542 1682 agro
570 1643 652 1680 suo,
678 1632 872 1682 expressis
899 1631 1026 1671 verbis
1053 1632 1104 1671 ab
1131 1632 1206 1672 hoc
1233 1632 1396 1672 secludit
1423 1632 1682 1684 sycophantas
1707 1645 1741 1674 v.
1769 1631 1864 1671 725:

874 1715 1045 1753 ἐνταῦθα
1071 1714 1166 1765 μήτε
1186 1714 1431 1766 συκοφάντης
1457 1716 1581 1753 εἶσίτω

870 1780 959 1832 μήτ’
987 1779 1103 1828 ἄλλος
1132 1781 1236 1828 ὅστις
1265 1782 1453 1833 φασιανός
1475 1782 1552 1822 ἐστ’
1579 1782 1687 1834 α’νήρ.

175 1870 216 1907 et
242 1867 450 1917 postquam
476 1875 502 1903 a
529 1861 677 1902 Boeoto
704 1860 836 1913 aliquo
863 1862 1074 1915 anguillam
1092 1862 1300 1915 Copaicam
1328 1865 1432 1914 emit,
1456 1864 1756 1905 Atheniensibus
1770 1865 1962 1905 mercibus
1979 1865 2030 1905 ad
2043 1865 2344 1917 permutandum

176 1933 318 1975 oblatis
345 1936 386 1973 et
411 1931 594 1983 acceptis,
622 1930 771 1971 Boeoto
798 1930 921 1971 tradit
949 1944 1038 1971 eum
1065 1932 1133 1983 qui
1159 1931 1237 1973 11110
1264 1946 1306 1974 se
1320 1933 1533 1973 intruserat
1560 1932 1841 1985 sycophantam
1870 1933 2110 1983 Nicarchum‚
2138 1936 2345 1976 sarmentis

175 2007 222 2043 ut
258 2001 434 2051 figlinum
472 2013 540 2038 vas
579 1999 772 2048 illigatum
812 2013 846 2038 v,
887 2000 964 2038 933
1007 2013 1092 2049 sqq.
1147 2000 1324 2039 Vidimus
1357 2001 1476 2051 igitur
1502 2001 1712 2052 parabasin
1754 2006 1793 2040 et
1832 2002 2025 2053 respicere
2065 2002 2117 2041 ad
2156 2015 2203 2042 ea
2242 2016 2343 2055 quae

173 2066 413 2110 antecedunt
440 2070 480 2107 et
506 2079 742 2118 praeparare
771 2079 817 2106 ea
844 2079 946 2117 quae
974 2072 1198 2117 sequuntur,
1240 2081 1340 2119 quae
1368 2069 1402 2108 si
1428 2073 1533 2108 recte
1561 2083 1586 2108 a
1625 2069 1737 2109 nobis
1776 2070 1952 2121 exposita
1992 2070 2070 2110 sint
2106 2084 2220 2111 nemo
2259 2073 2343 2111 iure

175 2139 292 2188 dicat,
318 2149 407 2178 eam
434 2135 531 2176 nihil
559 2134 665 2175 aliud
692 2147 776 2176 esse
803 2135 878 2175 nisi
904 2134 1173 2185 interludium,
1203 2128 1424 2188 quodcum
1450 2137 1571 2178 totius
1610 2136 1765 2180 fabulae
1792 2138 1945 2179 actione
1986 2142 2026 2179 et
2066 2139 2225 2180 consilio
2267 2154 2346 2180 non

175 2206 400 2253 cohaereat3
426 2204 529 2243 inest
556 2203 731 2254 profecto
759 2203 889 2242 unitas
917 2203 1111 2253 quaedam
1137 2204 1291 2254 poetica
1318 2205 1437 2244 etiam
1469 2204 1510 2244 in
1537 2204 1611 2244 hac
1638 2206 1847 2255 comoedia,
1889 2219 1989 2257 quae
2015 2206 2090 2247 hac
2125 2208 2207 2247 eius
2232 2212 2345 2259 parte

175 2287 255 2314 non
281 2271 398 2312 modo
425 2283 504 2310 non
531 2269 715 2309 turbatur
741 2269 801 2309 vel
829 2269 1066 2318 debilitatur,
1093 2270 1161 2309 sed
1188 2270 1248 2310 vel
1266 2272 1433 2311 maxime
1459 2272 1640 2313 firmatur
1667 2276 1706 2312 et
1732 2277 1922 2325 tanquam
1936 2274 2088 2314 vinculo
2115 2276 2344 2325 continetur,

176 2356 265 2382 cum
292 2344 411 2392 poeta
436 2339 491 2378 ibi
518 2351 590 2377 nos
619 2338 809 2377 collocare
836 2338 1003 2386 studeat,
1032 2338 1135 2377 unde
1163 2343 1202 2377 et
1228 2341 1483 2391 retrospicere
1512 2345 1550 2382 et
1576 2342 1802 2393 praevidere
1842 2343 2064 2393 iustumque
2101 2343 2149 2383 de
2186 2344 2345 2395 singulis

175 2409 356 2453 omnibus
382 2406 569 2449 iudicium
594 2405 696 2447 ferre
723 2406 928 2457 possimus.
1181 2459 1189 2469 ⁴

365 2475 449 2515 Iam
474 2474 594 2525 igitur
621 2487 710 2513 cum
736 2474 777 2513 in
803 2475 1024 2514 universum
1038 2475 1133 2525 quid
1160 2480 1279 2526 poeta
1304 2477 1345 2514 in
1371 2476 1445 2515 hac
1473 2477 1656 2528 parabasi
1671 2477 1938 2530 componenda
1964 2478 2038 2518 sibi
2065 2478 2165 2528 velit,
2194 2480 2344 2531 exposi-

174 2552 259 2589 tum
285 2545 348 2595 sit,
374 2538 542 2585 transire
569 2543 662 2584 licet
688 2542 740 2584 ad
767 2543 1007 2596 singulorum
1035 2547 1075 2584 et
1101 2543 1309 2584 verborum
1337 2548 1376 2584 et
1402 2545 1682 2599 sententiarum
1709 2547 2081 2598 interpretationem.

363 2611 564 2652 Habemus
591 2614 724 2651 autem
751 2610 815 2650 hic
842 2610 1112 2651 brevissimum
1140 2612 1402 2662 commatium,
1429 2612 1534 2664 quod
1553 2612 1704 2655 duobus
1731 2618 1885 2655 tantum
1910 2614 2085 2656 versibus
2112 2615 2343 2664 continetur,

173 2681 243 2726 sed
269 2684 315 2720 ut
342 2680 499 2719 omnino
526 2679 589 2718 hic
616 2691 771 2730 quoque
799 2679 837 2718 in
866 2692 912 2718 eo
939 2683 1133 2729 versatur,
1159 2684 1205 2719 ut
1231 2679 1405 2720 fabulam
1432 2693 1520 2720 cum
1548 2682 1730 2732 parabasi
1756 2683 1964 2735 coniungat
1990 2687 2108 2735 atque
2137 2683 2238 2723 hane
2263 2683 2342 2723 iam

172 2741 307 2790 actum
333 2747 382 2786 iri
408 2747 563 2787 indicet.
618 2747 757 2798 Itaque
784 2748 910 2799 ipsam
938 2748 1047 2788 chori
1075 2749 1318 2799 παράβασιν,
1346 2761 1424 2799 11110
1451 2750 1502 2788 011
1529 2754 1769 2800 spectatores
1796 2752 1956 2803 propius
1980 2752 2183 2792 accederet
2224 2757 2264 2792 et
2302 2753 2343 2807 in

368 2901 395 2940 ¹)
418 2899 672 2940 Gymn.-Progr.
697 2900 840 2931 Sundine
866 2901 958 2933 1835.

364 2953 393 2991 v)
418 2952 467 2984 cf.
491 2953 528 2983 e.
551 2952 657 2991 Koek,
678 2952 698 2983 1.
722 2961 750 2984 e.
773 2962 804 2991 p.
829 2954 878 2983 18.

363 3005 393 3044 ⁸)
418 3004 468 3037 cf.
491 3003 527 3037 C.
551 3004 587 3037 F.
610 3005 786 3036 Hermann.
809 3004 974 3036 Staatsalt.
999 3005 1028 3043 ξ.
1053 3004 1115 3036 160
1135 3015 1164 3037 n.
1190 3007 1231 3036 10
1253 3015 1323 3045 sqq.
