2599 3290
1304 94 1333 134 ὅ

239 234 347 277 nium
372 233 414 273 in
439 233 515 273 hac
540 232 674 273 fabula
698 232 948 285 lepidissima,
974 234 1020 272 ut
1045 242 1161 283 aegre
1187 243 1235 272 ea
1261 243 1394 272 carere
1420 231 1526 281 velis,
1561 235 1693 272 tamen
1720 243 1809 271 cum
1836 230 1997 271 consilio
2024 230 2180 273 fabulae
2215 244 2293 272 non
2319 236 2402 273 tam

237 305 348 343 arcte
374 315 493 354 quam
520 305 673 343 ceterae
699 300 892 358 cohaeret.
947 301 1001 341 At
1026 300 1147 342 etiam
1172 313 1229 349 eo,
1256 300 1362 351 quod
1386 303 1585 351 postremo
1611 300 1848 348 monuimus,
1881 300 2033 339 veniam
2059 304 2199 351 poetae
2225 305 2409 352 repetere¹

238 381 454 421 possumus.
508 368 612 408 Nam
636 368 807 420 primum
847 380 985 407 scenae
1012 379 1113 419 quae
1144 367 1383 407 antecedunt
1421 379 1499 406 non
1539 367 1706 407 multum
1745 380 1838 408 sane
1877 368 2077 408 continent
2110 368 2214 420 quod
2242 381 2400 409 causam

238 437 390 481 ridendi
433 437 645 488 praebeat,
689 435 827 476 deinde
871 436 947 475 toti
988 435 1156 475 orationi
1169 466 1180 484 ,
1224 448 1304 487 qua
1344 435 1590 487 Dicaeopolis
1639 449 1796 476 causam
1842 449 1950 476 suam
1998 437 2099 488 agit,
2157 437 2260 477 seria
2300 437 2403 477 inest

238 505 441 553 sententia,
468 513 694 555 quanquam
719 504 873 554 singula
899 504 1087 544 nonnulla
1112 505 1234 543 risum
1261 504 1441 543 excitent.
1494 504 1633 554 Itaque
1657 504 1754 543 bene
1790 517 1815 542 a
1841 508 1960 555 poeta
1984 506 2207 544 institutum
2244 509 2321 554 est,
2355 510 2400 544 ut

236 585 393 613 scenam
417 571 693 624 lepidissimam
732 571 1038 623 facetiarumque
1076 571 1339 623 plenissimam
1365 571 1648 622 interponeret,
1688 583 1768 622 qua
1793 571 1913 611 animi
1939 585 1965 611 a
1990 573 2197 612 severitate
2224 572 2398 623 paullum

236 639 482 683 remitterent
507 639 665 689 risuqu'e
691 638 962 678 relaxarentur
986 650 1034 678 ac
1060 638 1187 678 denuo
1214 639 1266 678 ad
1292 639 1525 690 gravitatem
1553 639 1877 690 severitatemque
1905 638 2168 683 reficerentur.

426 721 509 761 Iam
536 721 707 763 breviter
732 721 781 760 de
807 722 876 767 eis,
903 733 1004 771 quae
1028 721 1119 760 inde
1158 733 1184 760 a
1210 734 1246 762 v,
1285 721 1364 761 496
1404 721 1613 771 parabasin
1653 721 1899 771 antecedunt,
1940 734 2056 773 agere
2095 708 2312 773 possumus,
2352 728 2397 763 ut

236 789 355 829 etiam
379 788 477 829 haec
502 801 591 827 cum
616 792 756 839 poetae
780 788 940 828 consilio
965 789 1064 827 bene
1090 788 1287 827 conciliari
1311 800 1426 839 posse
1451 788 1730 839 intellegamus.
1785 789 1843 828 Ac
1868 790 2038 840 primum
2063 790 2220 840 quidem
2234 791 2397 830 Dicaeo-

235 857 335 910 polis
361 869 414 898 se·
441 856 491 897 de
516 856 634 898 rebus
660 856 824 908 publicis
864 856 1090 898 absentibus
1129 856 1260 906 sociis,
1301 855 1369 907 qui
1408 855 1601 908 Dionysiis
1640 857 1768 898 vernis
1806 858 1956 897 tributa
1995 857 2170 898 Athenas
2209 858 2397 906 ferebant,

235 919 398 966 Lenaeis
424 925 579 977 (quibus
606 925 911 964 Acharnensium
937 924 1071 964 fabula
1097 923 1214 964 docta
1241 924 1317 975 est)
1352 935 1430 963 non
1456 923 1638 974 aderant,
1675 924 1796 965 libere
1831 924 2027 965 dicturum
2064 938 2147 966 esse
2173 924 2396 978 profite‘nm

234 994 462 1046 priusquam
488 984 621 1034 autem
652 993 979 1033 Lacedaemonios
1004 1006 1190 1032 excusare
1216 993 1363 1043 incipit,
1404 1004 1447 1030 se
1471 993 1623 1042 patriae
1651 1006 1734 1032 esse
1759 995 2070 1033 amantissimum
2094 1006 2142 1033 ac
2155 994 2214 1033 vel
2228 995 2396 1033 maxime

235 1070 301 1103 eos
327 1061 465 1111 odisse,
491 1061 559 1113 qui
585 1075 735 1102 summo
762 1061 905 1103 damno
930 1062 1059 1114 ipsum
1072 1075 1227 1114 quoque
1241 1060 1450 1110 affecerint,
1476 1059 1689 1113 praefatur.
1729 1060 1783 1102 At
1796 1061 1901 1113 quod
1927 1061 1984 1101 illi
1997 1061 2143 1102 bellum
2169 1062 2396 1113 inceperint,

233 1132 442 1181 propterea
467 1142 534 1169 eos
560 1142 638 1169 non
664 1143 897 1182 magnopere
923 1143 1007 1170 esse
1034 1129 1326 1181 vituperandum
1352 1130 1472 1169 immo
1498 1143 1547 1169 ne
1560 1130 1632 1170 hos
1646 1130 1803 1180 quidem
1829 1143 1955 1181 neque
1973 1130 2170 1170 civitatem
2184 1129 2396 1169 Athenien-

234 1199 345 1247 sium,
373 1198 442 1239 sed
467 1211 609 1250 pravos
627 1198 816 1250 quosdam
843 1197 1097 1237 homunculos
1124 1210 1196 1249 pro
1222 1198 1315 1239 belli
1342 1198 1568 1238 auctoribus
1581 1198 1781 1238 habendos
1807 1210 1911 1246 esse3
1939 1210 2005 1237 eos
2019 1197 2222 1237 calumniis
2235 1209 2394 1237 vexasse

233 1265 490 1317 Megarenses,
518 1266 590 1306 hos
617 1265 821 1306 offendisse
848 1265 1047 1315 Periclem,
1074 1266 1142 1316 qui
1169 1266 1335 1307 decretis
1376 1280 1442 1308 eos
1470 1281 1518 1308 ex
1546 1268 1651 1308 omni
1692 1267 1837 1307 ditione
1864 1266 1997 1306 Attica
2037 1265 2238 1318 expulerit.
2292 1265 2393 1305 Hinc

233 1334 421 1374 auxilium
440 1334 845 1383 Lacedaemoniorum,
873 1347 1039 1385 quorum
1066 1334 1339 1386 deprecatione
1365 1336 1417 1375 ab
1434 1336 1733 1376 Atheniensibus
1760 1336 1907 1375 reiecta
1932 1339 2110 1375 exortum
2138 1347 2222 1374 esse
2248 1333 2394 1373 bellum

233 1415 306 1455 pro
332 1402 570 1454 supplicibus
596 1406 638 1442 et
663 1402 857 1454 oppressis
884 1401 1173 1453 Megarensibus
1199 1402 1307 1443 nulla
1342 1403 1495 1443 illorum
1523 1404 1649 1455 culpa.
1704 1403 1813 1451 Quae
1853 1404 2000 1455 optime
2041 1406 2269 1453 comparata
2309 1414 2393 1442 esse

233 1470 285 1510 ad
311 1471 412 1510 cives
438 1470 657 1519 movendos,
684 1474 729 1510 ut
754 1470 834 1510 iam
860 1469 953 1510 belli
978 1473 1139 1521 propter
1165 1470 1365 1510 minimam
1391 1482 1549 1511 causam
1576 1469 1627 1510 ab
1662 1470 1717 1510 eis
1741 1470 1901 1510 adducti
1926 1483 1953 1510 a
1978 1468 2295 1509 Lacedaemoniis
2320 1481 2393 1520 pro

233 1539 389 1577 civitate
429 1551 614 1589 oppressa
640 1538 924 1589 Megarensium
963 1539 1108 1589 incepti
1146 1538 1263 1577 finem
1289 1538 1445 1587 faciant,
1486 1539 1699 1578 concedent
1738 1551 1883 1580 omnes,
1936 1538 2086 1577 Deinde
2126 1538 2245 1577 etiam
2283 1536 2393 1576 chori

230 1607 334 1647 illius
361 1606 532 1646 bellicosi
558 1606 724 1646 alteram
763 1610 917 1657 partem
954 1606 1006 1646 ad
1033 1607 1278 1657 Dicaeopolis
1306 1608 1537 1646 sententiam
1564 1607 1787 1646 traductam
1813 1620 1897 1646 esse
1923 1606 2116 1653 videmus;
2143 1612 2190 1645 ut
2215 1618 2307 1644 vero
2326 1605 2391 1643 hic

229 1675 416 1716 transitus
442 1674 564 1715 iustos
589 1673 779 1727 quosdam
805 1672 948 1726 gradus
983 1673 1146 1716 haberet
1185 1687 1280 1716 neve
1321 1674 1512 1716 sententia
1552 1674 1692 1715 bellica
1729 1677 1895 1727 patrono
1922 1687 1969 1714 ac
1997 1672 2198 1713 defensore
2225 1677 2387 1719 careret,

228 1743 356 1795 lepide
393 1743 480 1782 fixit
505 1743 785 1794 Aristophanes
823 1743 988 1783 alteram
1028 1743 1137 1782 chori
1174 1746 1328 1795 partem
1359 1742 1488 1783 adhuc
1527 1743 1568 1782 in
1608 1756 1680 1783 sua
1706 1742 1899 1783 sententia
1937 1745 2228 1794 permanentem
2269 1743 2389 1792 atque

220 1811 468 1855 ,Lamachum
494 1812 762 1862 gravissimum
789 1812 881 1851 belli
915 1812 1155 1851 defensorem
1181 1812 1351 1861 bellique
1390 1812 1715 1851 studiosissimum
1753 1813 2018 1853 advocantem.
2073 1811 2197 1857 Quem
2238 1809 2390 1848 deridet

229 1878 482 1930 Dicaeopolis,
511 1878 616 1929 quod
643 1891 731 1917 cum
757 1882 869 1918 tanto
896 1891 1094 1918 armorum
1111 1883 1305 1930 apparatu
1323 1879 1499 1930 prodeat,
1539 1893 1763 1931 quanquam
1791 1881 1842 1920 sit
1877 1883 2035 1919 tantum
2063 1877 2348 1927 σπουδαρχίδης
2356 1876 2388 1924 ¹)

229 1950 270 1987 et
303 1947 575 1999 μισθαρχίδης.
590 1946 621 1997 ²)
675 1945 933 1987 Probissimos
973 1950 1111 1986 contra
1150 1947 1252 1988 viros
1280 1947 1547 1988 Acharnenses
1586 1947 1735 1987 nullam
1774 1947 1972 1999 accepisse
1999 1944 2219 1986 mercedem
2260 1957 2386 1994 neque

228 2014 394 2055 honores
421 2027 573 2054 summo
600 2013 729 2054 studio
756 2014 966 2066 arripuisse
992 2028 1144 2054 summa
1169 2018 1255 2054 arte
1282 2015 1478 2064 additum,
1506 2018 1551 2054 ut
1578 2015 1854 2066 comprehendi
1879 2015 2007 2063 liceat,
2051 2026 2121 2053 cur
2146 2013 2225 2051 iam
2251 2016 2386 2052 totus

228 2082 368 2121 chorus
397 2080 619 2130 παράβασιν
643 2081 850 2120 instituens
878 2082 1128 2120 commatium
1154 2082 1333 2133 incipiat:

735 2148 831 2198 ἀνὴρ
860 2152 944 2203 νικᾷ
968 2156 1066 2187 τοῖσι
1092 2150 1271 2198 λόγοισιν,
1298 2151 1359 2186 καὶ
1386 2149 1454 2188 τᾶν
1481 2150 1603 2198 δῆμον
1629 2152 1849 2199 μεταπείθει

737 2218 819 2268 περὶ
845 2219 923 2255 τῶν
949 2217 1136 2256 σπονδῶν.

417 2297 566 2346 Quibus
591 2298 718 2339 verbis
745 2299 955 2339 comitatur
980 2298 1189 2340 abeuntem
1215 2298 1486 2350 Dicaeopolin,
1526 2299 1594 2350 qui
1626 2299 1754 2338 forum
1780 2299 1820 2338 in
1847 2312 1942 2350 agro
1983 2311 2052 2338 suo
2093 2295 2303 2343 constituit,
2342 2295 2382 2333 in

226 2379 303 2420 quo
330 2379 401 2419 per
425 2378 562 2419 pacem
589 2378 699 2406 suam
726 2367 958 2407 commercia
983 2371 1103 2419 agant
1128 2367 1407 2420 Peloponnesii,
1434 2367 1689 2419 Megarenses,
1717 2367 1865 2417 Boeoti,
1891 2380 1969 2408 non
1996 2365 2229 2414 Lamachus,
2267 2375 2384 2414 quem

225 2449 345 2475 unum
372 2435 548 2474 nominat
575 2447 719 2484 eorum,
747 2435 815 2485 qui
841 2435 986 2474 bellum
1013 2436 1184 2486 cupiunt.
1239 2436 1377 2476 Verbis
1404 2441 1536 2476 autem
1564 2449 1664 2487 quae
1692 2440 1925 2487 sequuntur:

847 2504 930 2542 ἀλλ’
958 2503 1168 2548 ἀποδόντες
1193 2510 1272 2549 τοῖς
1301 2504 1548 2548 ἀναπαίστοις
1575 2506 1750 2554 ἐπίωμεν,

224 2571 364 2612 chorus
391 2584 433 2612 se
460 2571 629 2623 accingit
654 2571 706 2611 ad
732 2575 965 2623 anapaestos
992 2571 1071 2611 sive
1098 2571 1308 2623 parabasin
1335 2573 1544 2624 propriam,
1571 2586 1650 2624 qua
1675 2577 1814 2624 poetae
1840 2572 1994 2612 nomine
2020 2571 2072 2611 ad
2098 2571 2203 2623 ipsos
2230 2575 2384 2623 specta-

221 2644 327 2679 tores
353 2638 473 2678 verba
499 2638 604 2679 iacit.

416 2801 444 2842 ¹)
466 2800 515 2835 cf.
537 2802 641 2835 schol.
663 2801 706 2834 ad
728 2811 758 2835 v.
780 2801 860 2833 595:
883 2797 1088 2837 σπουδάζων
1109 2800 1188 2843 περὶ
1208 2797 1323 2841 ἀρχῆς.

412 2853 438 2893 ²)
463 2853 561 2891 Quod
582 2854 684 2887 schol.
706 2854 749 2885 ad
772 2864 803 2887 v.
826 2853 888 2885 597
917 2859 1007 2885 recte
1029 2854 1188 2893 explic-22
1224 2851 1358 2893 μισθὸν
1379 2851 1565 2895 λαμβάνων
1587 2863 1632 2887 sc.
1663 2853 1748 2894 ὑπὲρ
1775 2852 1881 2895 ἀρχῆς
1919 2854 2008 2894 quod
2036 2856 2216 2886 exercitum
2247 2855 2384 2887 duceret

220 2905 414 2943 Lam-chun,
437 2915 521 2946 quae
544 2906 673 2946 quidem
695 2907 871 2946 explicatio
893 2906 1008 2937 melius
1031 2915 1103 2937 eum
1125 2915 1165 2937 eo
1189 2905 1277 2945 qnod
1298 2912 1398 2945 poeta
1421 2906 1503 2937 dixit
1530 2905 1787 2947 σπουδαρχίδης
1816 2908 1969 2938 convenit
1993 2917 2089 2948 qum
2112 2918 2153 2940 ea
2175 2918 2270 2948 quam
2291 2909 2387 2940 addit

222 2957 342 2992 sehoL:
365 2954 385 2996 ἢ
406 2955 457 2989 ὅτι
478 2954 556 2991 τοὺς
576 2958 645 2988 τῶν
667 2958 881 3001 στρατιωτῶν
900 2955 1050 2999 μισθοὺς
1070 2954 1199 2996 ἤσθιεν.
