2599 3290
1266 91 1310 135 Ὀ

342 273 347 277 ,
379 230 466 271 Iam
488 230 609 282 igitur
635 233 814 270 nostrum
841 229 917 268 erit
944 242 1082 269 eorum
1110 242 1214 281 quae
1239 229 1293 270 ad
1332 243 1368 273 v,
1396 229 1687 270 628—v.658
1713 229 1897 281 legunm
1921 232 2156 273 sententiam
2181 246 2377 288 exponere

184 303 320 352 atque
346 298 542 352 explicare
568 297 764 350 quomodo
799 297 898 338 haec
923 298 1163 351 parabsseos
1186 310 1280 350 pars
1307 310 1398 340 cum
1439 297 1580 339 ceteris
1618 296 1794 353 fabulae·
1813 299 1995 351 partibus
2035 301 2218 344 concinat
2256 308 2379 358 atque

189 367 413 416 cohaereat,
445 367 489 407 id
528 366 635 418 quod
674 366 847 417 primum
887 367 939 407 sit
981 379 1123 406 munus
1162 366 1506 418 interpretationis.
1572 364 1686 406 Licet
1723 369 1859 407 autem
1882 360 2010 409 ‘nobis
2048 369 2220 421 primum
2257 373 2379 415 mina

191 436 436 488 singulorum
462 434 720 486 explicatione
745 434 882 474 statim
909 433 962 474 sd
989 433 1225 474 sententiam
1251 433 1473 474 universam
1500 431 1773 486 explicandam
1799 432 1996 487 accedere,
2023 448 2252 490 quanquam
2278 437 2378 482 haec

192 506 248 546 ab
273 506 343 545 illa
367 505 548 556 pendeat,
576 517 666 542 cum
693 503 846 553 singula
872 503 937 541 hic
963 503 1004 541 in
1030 503 1254 541 universum
1283 507 1367 541 tam
1392 503 1472 541 sint
1495 502 1719 552 perspicua,
1760 506 1807 542 ut
1841 503 1893 542 de
1918 505 2113 544 sententia
2139 506 2266 556 qualis
2292 519 2376 547 om-

192 573 288 613 nino
312 571 366 624 sit
391 583 507 612 nemo
532 569 698 611 dubitet.
752 568 827 611 Est
852 569 919 610 ille
947 572 1103 610 tannim
1132 582 1256 610 nexus
1282 582 1401 621 quem
1427 568 1650 610 desiderent
1671 573 1714 610 et
1739 582 1865 621 aeque
1891 574 2075 622 apertum
2110 585 2195 612 esse
2220 579 2375 625 negent.

381 639 557 680 Primum
581 638 703 691 igitur
727 642 858 691 poeta,
880 649 1116 690 *quanquam
1141 636 1184 678 id
1208 636 1409 690 hucusque
1435 636 1610 678 nondum
1632 636 1780 688 feeerit,
1806 650 1850 679 se
1874 637 2060 681 virtutem
2085 652 2199 681 suam
2225 641 2374 685 civibus

191 713 286 750 ante
311 708 447 748 oculos
472 721 619 760 ponere
642 707 743 747 velle
769 707 875 754 dicit,
906 718 996 745 cum
1021 706 1102 745 iam
1127 706 1375 745 inimicorum
1398 705 1603 746 calumniis
1633 705 1677 745 id
1701 705 1831 746 facere
1866 710 2027 748 coactus
2058 708 2130 758 sit;
2166 709 2375 751 videbatur

189 777 298 817 enim
323 780 431 817 certe
455 776 655 816 civitatem
682 787 774 815 cum
798 773 1119 815 Lacedaemoniis
1145 773 1292 814 bellum
1327 773 1624 814 acerbissimum
1648 777 1849 824 gerentem
1882 774 2047 815 irridere
2069 779 2115 816 et
2137 778 2305 828 superbe
2329 779 2373 818 in

190 844 433 897 reipublicae
459 843 655 896 principes
681 843 879 892 exsistere,
905 842 975 894 qui
1001 854 1140 894 pacem
1164 854 1254 882 cum
1269 841 1448 882 hostibus
1472 840 1693 883 faciendam
1719 854 1804 882 esse
1829 841 1995 883 auderet
2020 843 2205 895 proferre.
2230 843 2372 898 Itaque

192 925 240 953 se
264 912 441 953 modeste
467 909 768 952 Atheniensibus
795 910 957 950 consilia
983 910 1133 961 optima
1159 909 1311 950 dedisse
1337 922 1385 949 ac
1411 909 1538 949 multa
1568 909 1675 950 bona
1714 910 1772 950 eis
1800 923 2029 962 comparare
2065 912 2260 954 studuisse
2296 914 2372 955 sibi

192 978 469 1031 expmendum
494 981 591 1020 erat.
646 976 756 1024 Quae
782 976 887 1016 bona
913 976 1054 1016 deinde
1080 990 1106 1016 a
1132 990 1166 1016 V.
1195 977 1275 1017 634
1297 980 1485 1019 recenset,
1537 976 1713 1017 Primum
1738 981 1873 1017 autem
1898 991 1926 1018 a
1959 993 2002 1019 se
2030 979 2249 1031 perfeetum
2274 993 2372 1032 esse,

189 1050 239 1087 ut
265 1046 368 1087 cives
393 1058 472 1086 non
497 1058 523 1086 a
549 1046 764 1097 peregrinis
789 1058 832 1086 se
858 1045 943 1095 regi
955 1044 986 1097 ¹)
1027 1056 1155 1095 neque
1190 1044 1242 1084 ab
1277 1044 1586 1085 assentatoribus
1619 1047 1703 1085 tam
1740 1044 1855 1085 facile
1891 1045 2023 1098 ’decipi
2060 1060 2104 1087 se
2128 1050 2370 1099 paterentur.

191 1113 326 1153 Etiam
349 1114 575 1165 peregrinos
601 1114 681 1151 sive
707 1114 834 1152 socios
868 1125 910 1151 se
949 1111 1164 1151 reddidisse
1190 1112 1340 1151 civitati
1378 1108 1596 1161 benerolos,
1636 1124 1727 1151 cum
1765 1125 1833 1152 eos
1871 1112 2059 1163 docuerit,
2098 1127 2178 1165 qua
2216 1116 2370 1156 ratione

191 1179 436 1233 regnauit-²)
490 1179 640 1228 Quibus
665 1179 806 1221 studiis
832 1179 997 1231 gloriam
1024 1192 1135 1220 suam
1170 1182 1216 1219 ut
1257 1179 1326 1230 qui
1367 1179 1512 1231 optime
1552 1179 1602 1220 de
1640 1180 1789 1220 civibus
1831 1182 1912 1221 suis
1938 1182 2125 1230 meruerit
2162 1184 2224 1223 vel
2262 1184 2369 1225 ulla-a

188 1248 319 1288 socios
344 1251 571 1299 penetrasse
597 1247 650 1286 ad
676 1247 887 1287 Persarum
912 1260 1055 1298 regem,
1083 1247 1151 1298 qui
1177 1247 1347 1286 maxime
1373 1246 1579 1286 audaciam
1604 1247 1822 1287 admiratus
1848 1248 1917 1298 sit,
1958 1261 2040 1299 qua
2079 1249 2184 1290 solus
2225 1251 2367 1292 civium

189 1330 286 1369 erga
311 1316 548 1368 reipublicae
575 1316 771 1367 principes
797 1315 1050 1367 hominesque
1076 1314 1287 1366 plurimum
1326 1319 1506 1366 potentes
1546 1328 1700 1356 summa
1725 1316 1879 1361 dicendi
1911 1316 2094 1358 libertate
2126 1331 2220 1359 usus
2245 1319 2367 1360 verba

189 1385 337 1429 feeerit.
389 1384 529 1436 Itaque
569 1383 707 1436 lepide*
732 1382 844 1435 fingit
884 1382 996 1424 illum
1036 1397 1085 1424 ex
1122 1383 1260 1435 legatis
1288 1384 1684 1425 Lacedaemoniorum
1723 1385 1766 1425 in
1806 1385 1894 1426 aliis
1933 1386 2069 1436 rebus,
2109 1400 2210 1438 quae
2250 1388 2366 1441 vulgo

191 1454 332 1507 quaeri
369 1453 559 1502 solebant,
568 1453 600 1504 ⁸)
647 1453 888 1493 sciscitatum
901 1484 911 1501 ,
945 1453 1046 1493 utris
1085 1452 1217 1492 faveat
1242 1452 1544 1504 Aristophanes,
1585 1457 1626 1492 et
1663 1465 1731 1493 eos
1771 1465 1856 1493 esse
1895 1454 2066 1495 victuros
2106 1454 2260 1505 dixisse,
2296 1457 2366 1508 qui

190 1523 308 1563 huius
334 1525 476 1573 poetae
501 1520 668 1560 consiliis
694 1524 868 1560 utantur.
923 1519 982 1559 Ac
1009 1533 1162 1560 summa
1189 1520 1347 1571 quidem
1373 1523 1460 1560 arte
1487 1533 1512 1571 a
1539 1520 1652 1560 sociis
1678 1520 1740 1560 vel
1775 1521 1961 1563 subiectis
1996 1522 2219 1564 civitatibus
2254 1528 2364 1565 tran-

185 1592 307 1632 situm
333 1590 426 1629 fecit
451 1589 505 1628 ad
544 1588 753 1628 Persarum
779 1601 929 1638 regem,
970 1601 1088 1638 quem
1114 1592 1154 1627 et
1193 1588 1447 1628 Athenienses
1474 1592 1515 1627 et
1551 1588 1848 1628 Lacedaemonii
1875 1602 1921 1629 eo
1959 1590 2063 1630 bello
2103 1592 2249 1632 socium
2290 1592 2366 1633 sibi

186 1670 420 1710 comparare
446 1656 668 1704 studebant,
696 1660 815 1707 atque
842 1660 1041 1707 postremo
1068 1656 1121 1695 ad
1145 1657 1250 1707 ipsos
1276 1656 1408 1696 hostes
1435 1656 1772 1706 Lacedaemonios,
1799 1658 1867 1708 qui
1896 1658 1976 1698 iam
2002 1672 2140 1709 paoem
2153 1660 2363 1700 Athenien-

185 1728 297 1769 sibus
322 1728 546 1777 proponant
571 1736 619 1763 ac
646 1723 708 1763 vel
734 1724 904 1764 maxime
931 1725 1119 1775 Aeginam
1145 1723 1340 1773 affectent,
1367 1723 1446 1763 alia
1472 1724 1521 1763 de
1548 1736 1668 1764 causa
1694 1725 1817 1774 nulla,
1855 1738 1975 1777 quam
2001 1730 2046 1767 ut
2071 1730 2230 1778 poetam
2255 1727 2363 1768 hunc

188 1792 491 1834 Atheniensibus
527 1791 718 1835 auferant,
785 1792 1017 1832 Possidebat
1057 1793 1158 1831 enim
1198 1792 1360 1843 praedia
1398 1792 1439 1831 in
1478 1791 1651 1843 Aegina,
1704 1793 1811 1843 quod
1849 1794 1956 1833 nullo
1993 1794 2079 1834 iure
2117 1795 2365 1836 addubitavit

187 1861 400 1903 scholiasta
425 1859 587 1911 quidam
613 1858 665 1899 ad
691 1872 727 1899 v.
756 1858 853 1900 654:
890 1859 1013 1906 οὐδεὶς
1040 1857 1236 1911 ἱστόρηκεν
1279 1858 1331 1906 ὦς
1371 1861 1412 1899 ἐν
1436 1862 1574 1914 Αἰγίνῃ
1615 1862 1795 1908 κέκτηταί
1829 1877 1865 1900 τι
1905 1859 2201 1914 Ἀριστοφάνης,
2241 1865 2360 1915 atque

195 1930 295 1972 illud
319 1930 372 1971 sd
398 1928 676 1977 Callistratum,
704 1928 769 1968 cui
796 1927 973 1969 fabulam
991 1928 1299 1969 Acharnensium
1313 1927 1529 1969 docendam
1554 1928 1719 1969 tradidit
1731 1928 2022 1982 Aristophanes,
2049 1929 2193 1972 referre
2209 1931 2359 1976 maluit.

188 2002 243 2040 At
268 2000 344 2039 hoc
370 1998 529 2038 minime
556 2001 703 2047 aptum,
731 1997 1032 2048 Aristophanem
1058 2009 1150 2036 vero
1176 2009 1312 2037 eorum
1335 1996 1464 2046 fuisse,
1491 1997 1560 2049 qui
1585 2000 1790 2050 κληροῦχοι
1820 1998 1861 2037 in
1889 1999 2079 2050 Aeg-inam
2096 1999 2356 2052 mitterentur,

182 2068 443 2108 certissimum
470 2070 541 2107 est.
554 2066 586 2113 ⁴)

380 2196 408 2234 ¹)
432 2194 483 2227 Cf.
507 2204 536 2227 v,
559 2193 637 2225 634:
661 2188 795 2226 παύσας
819 2189 905 2233 ὑμᾶς
927 2193 1090 2228 ξενικοῖσι
1112 2189 1227 2232 λόγοις
1249 2188 1297 2232 μὴ
1319 2191 1397 2222 λίαν
1418 2190 1669 2227 ἐξαπατᾶσθαι.

378 2261 406 2300 ²)
433 2261 484 2293 Cf,
507 2271 538 2292 v,
562 2262 643 2292 6422
675 2261 729 2290 καὶ
754 2257 832 2293 τοὺς
852 2257 984 2299 δήμους
1006 2258 1045 2289 ἐν
1066 2261 1139 2291 ταῖς
1161 2256 1304 2288 πόλεσιν
1325 2256 1438 2292 δείξας
1460 2255 1504 2291 ὡς
1525 2257 1832 2298 δημοκρατοῦνται.
1875 2261 2002 2291 Iudicat
2013 2270 2073 2292 sua
2083 2262 2200 2293 virtute
2211 2263 2361 2294 effectum

188 2325 275 2353 esse,
299 2319 335 2345 ut
356 2314 511 2354 optimum
535 2312 756 2344 Athenienses
779 2311 811 2342 in
837 2311 947 2342 socios
971 2314 1149 2342 exerceant
1169 2309 1348 2349 imperium.
1392 2309 1485 2347 Quae
1497 2318 1577 2340 vero
1590 2310 1691 2342 schol.
1719 2311 1761 2343 sd
1783 2311 1814 2344 h.
1836 2311 1858 2345 L
1883 2312 1987 2352 effert,
2014 2323 2084 2344 cum
2096 2319 2215 2355 poetae
2228 2316 2361 2355 quidem,

184 2368 294 2401 vorbis
307 2367 475 2399 conciliari
494 2376 560 2397 non
582 2370 738 2405 possunt:
767 2362 828 2403 τὴν
851 2360 972 2405 ἡμῶν
994 2361 1137 2394 αὐτῶν
1156 2362 1332 2393 πολιτείαν
1352 2360 1523 2398 ἐπιδείξας
1544 2365 1617 2397 ταῖς
1636 2361 1832 2405 συμμάχοις
1861 2361 1981 2397 πόλεσι
2011 2371 2046 2397 et
2075 2366 2114 2398 ἐν
2141 2370 2215 2402 ταῖς
2242 2364 2360 2403 ἄλλαι,-

184 2419 302 2452 πόλεσι
325 2417 403 2452 τοὺς
425 2415 665 2459 ἡμετέρους
688 2417 801 2452 δείξας
823 2413 955 2455 δήμους
978 2413 1029 2446 ὅτι
1050 2414 1359 2455 δημοκρατοῦνται,
1389 2414 1444 2444 καὶ
1469 2410 1551 2444 ἄνευ
1573 2414 1775 2455 τυραννίδος
1796 2413 1953 2456 ἀλλήλοις
1975 2416 2190 2461 πειθόμενοι.
2235 2420 2359 2459 Quibus

184 2474 238 2504 hic
260 2472 383 2512 aliquid
403 2471 548 2509 infertur,
573 2470 661 2509 quod
682 2470 715 2502 in
738 2469 845 2500 verbis
869 2468 1120 2507 Aristophaneis
1143 2477 1208 2498 non
1232 2467 1328 2499 inest.

375 2538 404 2577 ⁸)
430 2538 481 2571 Cf.
503 2548 533 2571 v.
555 2538 619 2570 648
643 2536 718 2570 coll.
740 2537 844 2570 schol.
867 2536 911 2568 sd
932 2536 965 2568 h.
986 2536 1025 2568 L:
1050 2537 1146 2566 ποῖοι
1168 2531 1265 2565 αὐτοὶ
1286 2533 1355 2564 τῶν
1371 2531 1561 2572 Ἀθηναίων
1583 2532 1622 2564 ἐν
1644 2534 1682 2577 τῇ
1706 2537 1881 2577 ναυμαχίᾳ
1902 2537 2097 2580 κρατοῦσιν.
2119 2538 2199 2574 ἔθος
2221 2539 2262 2572 δὲ
2283 2543 2354 2576 τοῖς

181 2592 358 2631 βασιλεῦσι
380 2588 421 2621 τὰ
445 2591 584 2621 τοιαῦτα
609 2587 902 2631 περιεργάζεσθαι.

376 2658 407 2696 ⁴)
428 2658 482 2687 De
506 2667 569 2696 quo
591 2658 678 2689 facto
703 2657 852 2688 conferas
876 2658 972 2688 alium
993 2655 1203 2686 scholi-stam
1226 2652 1269 2683 nd
1303 2662 1377 2683 eum
1410 2662 1505 2691 quem
1538 2654 1705 2685 citavimus
1738 2664 1884 2685 versum:
1926 2659 1999 2690 ταῖς
2033 2655 2207 2695 ἀληθείαις
2239 2654 2287 2692 εἷς
2319 2655 2363 2698 ἦν

182 2710 252 2740 τῶν
273 2707 312 2739 ἐν
335 2709 373 2751 τῇ
396 2704 488 2749 νήσῳ
512 2705 832 2750 κληρουχησάντων,
857 2714 889 2739 et
917 2708 1026 2739 Vitam
1048 2705 1280 2746 Aristophanis
1304 2704 1390 2746 apud
1412 2704 1577 2737 Duebner.
1618 2706 1733 2740 scholl.
1755 2707 1936 2748 Aristoph„
1959 2709 2085 2750 proleg.
2120 2710 2162 2742 de
2185 2712 2359 2745 comoedi.

183 2762 244 2799 XI,
277 2763 335 2795 30:
377 2758 420 2795 ὡς
453 2762 551 2797 ξένον
586 2761 623 2793 δὲ
648 2759 754 2793 αὐτὸν
776 2761 869 2803 ἔλεγε
892 2758 1050 2801 παρόσον
1084 2759 1125 2799 οἱ,
1145 2758 1214 2800 μὲν
1235 2754 1342 2789 αὐτόν
1363 2767 1474 2799 φασιν
1509 2756 1596 2789 εἶναι
1612 2755 1753 2791 Ῥόδιον
1775 2757 1846 2791 ἀπὸ
1867 2759 2016 2801 Λίνδου,
2040 2762 2073 2793 οἱ
2094 2762 2133 2795 δὲ
2156 2762 2357 2805 Αἰγινήτην,

183 2812 431 2855 στοχαζόμενοι
463 2812 500 2843 ἐκ
525 2814 581 2843 τοῦ
606 2814 767 2845 πλεῖστον
787 2809 919 2854 χρόνον
948 2810 1006 2846 τὰς
1041 2808 1216 2854 διατριβὰς
1239 2811 1418 2841 ποιεῖσθαι
1440 2807 1581 2851 αὐτόθι,
1618 2808 1640 2844 ἢ
1666 2812 1723 2843 καὶ
1757 2810 1822 2844 ὅτι
1858 2811 2060 2853 ἐκέκτητο
2083 2813 2237 2850 ἐκεῖσε.
2271 2813 2357 2848 κατὰ

182 2864 276 2901 τινὰς
299 2865 350 2905 δὲ,
373 2862 417 2899 ὡς
439 2863 488 2896 ὅτι
514 2863 531 2896 ὁ
555 2864 666 2906 πατὴρ
689 2864 795 2896 αὐτοῦ
821 2866 995 2898 Φίλιππος
1019 2861 1216 2904 Αἰγινήτης,
1240 2868 1274 2893 et
1294 2864 1441 2903 inprimis
1463 2864 1581 2903 locum,
1615 2866 1669 2904 qni
1691 2871 1782 2897 extst
1803 2867 1890 2905 apud
1900 2866 2067 2900 Duebner.
2090 2868 2261 2907 Lc.X111‚
2296 2870 2355 2900 19:

179 2915 414 2959 xarexzr'qwoe
439 2915 541 2959 (qnod
564 2918 684 2948 nullum
705 2918 841 2959 praebet
869 2926 1019 2956 sensum,
1053 2925 1152 2957 quare
1185 2915 1276 2955 legas
1309 2911 1616 2958 κατεκληρούχησε)
1654 2914 1693 2948 δὲ
1726 2917 1784 2948 καὶ
1816 2914 1880 2949 τὶν
1906 2919 2076 2960 Αἴγιναν,
2112 2916 2158 2955 ὡς
2190 2919 2356 2962 Θεογένης

180 2971 290 3012 φησὶν
311 2969 351 3002 ἐν
371 2970 416 3009 τῷ
439 2971 518 3012 περὶ
540 2972 696 3010 Αἰγίνης.
