2599 3290
396 946 479 1018 Dc
534 945 782 1043 parabasi
836 947 887 1016 in
945 943 1307 1041 Aristophanis
1366 943 1791 1016 Acharnensibus
1836 946 2253 1032 commentatis).-

414 1254 507 1325 Iam
535 1283 735 1324 hominum
755 1284 960 1324 doctorum
984 1295 1104 1334 opera
1117 1281 1298 1322 effectum
1326 1287 1394 1331 est,
1422 1286 1467 1322 ut
1492 1282 1648 1323 fabulae
1663 1280 1969 1332 Aristophaneae
1983 1281 2188 1321 meliorum
2206 1281 2386 1322 codicum

224 1364 296 1403 ope
323 1355 442 1402 atque
469 1351 633 1399 auxilio,
671 1354 862 1401 quatenus
889 1362 961 1401 pro
985 1349 1247 1390 subsidiorum
1274 1354 1495 1390 nostrorum
1523 1350 1666 1389 virtute
1706 1348 1791 1389 fieri
1830 1352 1997 1400 poterat,
2038 1349 2134 1388 satis
2181 1349 2386 1389 emendate

224 1419 413 1470 legantur,
440 1419 617 1469 quamvis
643 1418 684 1456 in
711 1418 870 1468 singulis
898 1418 1119 1456 etiamnunc
1146 1416 1261 1467 plura
1287 1421 1446 1467 restent,
1470 1417 1520 1456 de
1546 1417 1686 1468 quibus
1704 1417 1833 1456 adhuc
1850 1416 2025 1457 dubitari
2051 1417 2184 1466 liceat;
2213 1417 2282 1457 sed
2310 1417 2385 1457 hoc

221 1487 270 1526 de
296 1486 511 1537 quovisuno
537 1485 619 1526 fere
645 1490 820 1526 veterum
846 1486 1036 1537 scriptore
1074 1485 1151 1525 diei
1190 1489 1330 1537 potest.
1384 1484 1430 1522 In
1463 1485 1685 1526 universum
1724 1490 1829 1524 certe
1866 1486 1908 1524 in
1947 1486 2074 1525 verbis
2113 1491 2252 1537 poetae
2292 1499 2385 1525 con·

220 1553 425 1595 stituendis
451 1567 522 1594 nos
549 1566 636 1594 eam
662 1553 839 1603 sormam,
867 1566 968 1605 quae
992 1553 1044 1594 ad
1062 1553 1413 1609 Alexandrinorum
1439 1557 1618 1605 tempora
1643 1554 1872 1605 pervenerit,
1896 1554 2088 1605 recepisse
2113 1567 2160 1594 ac
2187 1553 2383 1594 nonnullis

219 1621 315 1662 locis
339 1621 562 1661 coniectura
594 1621 635 1660 in
661 1622 758 1661 artis
784 1621 941 1661 criticae
965 1620 1108 1673 regulis
1143 1621 1370 1673 legibusque
1396 1625 1596 1662 exstructa
1620 1622 1739 1662 etiam
1765 1621 1871 1661 ulta-a
1898 1634 1964 1661 eos
1991 1621 2224 1673 processisse
2247 1625 2382 1663 nostro

221 1691 305 1730 iure
331 1690 552 1741 gloriamur.
607 1689 683 1729 Sed
710 1693 756 1729 ut
781 1689 838 1738 fit,
864 1690 897 1729 si
924 1690 993 1728 uni
1018 1689 1220 1728 literarum
1249 1690 1353 1740 parti
1380 1690 1509 1729 studio
1537 1690 1707 1740 quodam
1735 1691 1888 1741 egregio
1916 1703 2075 1741 operam
2109 1695 2284 1731 nostram
2312 1704 2382 1731 na-

219 1770 364 1806 vamus,
391 1761 549 1809 praeter
562 1757 662 1797 hanc
689 1758 807 1798 aliam
834 1762 988 1809 partem
1015 1757 1182 1798 solemus
1195 1757 1407 1808 neglegere,
1433 1757 1474 1797 id
1502 1757 1607 1809 quod
1635 1758 1755 1797 etiam
1781 1758 1822 1797 in
1848 1757 1923 1797 hoc
1940 1762 2058 1809 poeta
2083 1757 2211 1798 locum
2230 1758 2381 1798 habuit·

219 1825 321 1865 Nam
347 1825 709 1876 interpretationem
736 1826 1062 1878 Aristophaneam
1101 1827 1188 1878 plus
1228 1827 1330 1866 iusto
1369 1827 1496 1865 iacere
1535 1826 1614 1864 iam
1654 1826 1756 1865 inter
1796 1839 1929 1866 omnes
1968 1831 2141 1866 constat:
2181 1841 2283 1879 quae
2323 1832 2383 1867 est

219 1905 347 1941 causa,
375 1905 444 1931 cur
471 1893 691 1931 etiamnunc
718 1893 979 1933 diversissima
1005 1894 1053 1933 de
1080 1899 1197 1945 poeta
1224 1898 1330 1934 certe
1356 1897 1531 1933 veterum
1559 1894 1793 1932 comicorum
1820 1895 2154 1944 praestantissimo
2180 1895 2382 1946 proferan-

220 1963 286 1998 tur
311 1959 504 2011 iudicia')
559 1959 697 2009 Itaque
725 1959 799 1998 hac
825 1960 1020 1999 scribendi
1041 1961 1334 2012 opportunitate
1360 1972 1454 1999 usus
1481 1959 1533 1999 ad
1560 1959 1809 2010 explicandas
1825 1960 1907 2000 eius
1934 1960 2088 2000 fabulas
2115 1961 2263 2013 aliquid
2291 1975 2381 2003 con-

220 2026 321 2066 ferre
348 2026 444 2066 mihi
470 2027 665 2077 proposui,
707 2040 754 2067 ac
781 2041 830 2067 ne
869 2029 953 2079 ipse
980 2041 1135 2079 quoque
1173 2032 1214 2069 in
1241 2029 1401 2081 singulis
1440 2029 1535 2068 locis
1571 2029 1804 2077 tractandis,
1845 2041 1947 2079 quae
1979 2033 2140 2080 propter
2168 2029 2382 2080 quamlibet

220 2093 490 2134 difficultatem
517 2095 694 2134 criticam
721 2094 971 2136 offensionem
992 2100 1187 2146 moveant,
1215 2097 1476 2145 consisterem,
1504 2096 1600 2136 mihi
1625 2095 1799 2135 fabulam
1827 2096 1924 2147 elegi
1938 2096 2254 2146 Achai-nendum,
2281 2110 2381 2148 quae

218 2163 375 2214 quidem
401 2162 535 2203 fabula
562 2164 826 2204 consentiente
852 2163 1053 2203 hominum
1079 2164 1284 2205 doctorum
1320 2163 1462 2204 iudicio
1489 2164 1636 2215 optime
1662 2163 1774 2203 nobis
1801 2163 1958 2216 prodita
1985 2167 2056 2205 est.
2111 2163 2190 2203 Cur
2216 2164 2381 2216 denique

219 2231 272 2271 ad
296 2231 505 2283 parabasin
532 2232 684 2271 delatus
711 2232 794 2280 sim,
821 2230 935 2271 facile
962 2232 1125 2283 quilibet
1151 2245 1252 2272 unus
1277 2232 1478 2283 intellegit.

409 2300 642 2350 Priusquam
656 2304 788 2339 autem
808 2300 860 2339 ad
885 2301 1247 2351 interpretationem
1274 2302 1514 2351 singulorum
1541 2300 1737 2348 accedam,
1763 2301 1897 2350 paucis
1921 2301 2089 2350 primum
2115 2300 2164 2338 de
2191 2313 2237 2340 eo
2263 2314 2381 2351 agen·

219 2365 313 2407 durh
338 2367 423 2418 erit,
451 2372 658 2419 quemnam
686 2367 814 2409 locum
841 2368 938 2409 haec
964 2368 1166 2421 parabasis
1193 2370 1234 2409 in
1260 2368 1394 2410 fabula
1419 2369 1459 2409 in
1488 2369 1709 2409 universum
1737 2372 1880 2418 teneat,
1908 2367 2100 2420 quomodo
2127 2381 2216 2408 cum
2242 2370 2381 2410 ceteris

218 2435 374 2474 fabulae
399 2436 577 2487 partibus
606 2435 813 2475 cohaereat
839 2440 879 2475 et
906 2449 985 2486 qua
1011 2438 1163 2476 ratione
1190 2450 1279 2475 cum
1293 2438 1452 2477 consilio
1473 2441 1621 2488 poetae,
1650 2435 1754 2487 quod
1781 2448 1853 2487 per
1878 2440 2003 2475 totam
2028 2435 2200 2475 fabulam
2226 2442 2381 2478 secutus

223 2502 284 2550 sit,
312 2502 510 2541 conciliari
535 2503 670 2554 possit.
725 2503 811 2542 Hoc
839 2503 996 2553 quidem
1022 2503 1134 2544 facile
1158 2508 1324 2555 apparet
1349 2508 1506 2555 poetam
1534 2505 1608 2543 hac
1635 2504 1768 2543 fabula
1794 2503 2091 2543 Atheniensibus
2109 2505 2382 2546 commendare

219 2569 383 2610 voluisse
409 2583 556 2621 pacem,
585 2570 649 2609 cui
675 2570 833 2610 consilio
861 2571 1013 2622 singula
1026 2584 1203 2622 quaeque
1217 2572 1512 2612 accommodata
1539 2576 1578 2611 et
1605 2572 1793 2622 adaptata
1820 2576 1928 2621 sunt;
1955 2574 2040 2610 tota
2066 2571 2185 2620 igitur
2198 2573 2301 2612 actio
2329 2573 2382 2613 ad

222 2635 326 2674 hune
351 2649 474 2676 unum
500 2636 740 2688 eundemque
766 2636 884 2677 finem
902 2638 1083 2691 dirigitur
1108 2644 1227 2691 atque
1254 2638 1464 2681 contendit.
1519 2638 1656 2689 Itaque
1682 2637 1935 2689 proponenda
1961 2641 2051 2677 sunt
2077 2638 2246 2688 primum
2273 2642 2382 2692 pacis

221 2705 434 2754 commoda,
461 2707 602 2757 quibus
629 2706 750 2745 animi
777 2707 916 2746 civium
943 2711 987 2747 ut
1015 2720 1103 2747 cum
1130 2709 1306 2749 hostibus
1332 2708 1478 2747 bellum
1492 2712 1726 2759 componant
1740 2712 2053 2746 commoveantur
2071 2708 2382 2761 allicianturque‚

220 2773 359 2814 deinde
386 2776 644 2825 perstringere
671 2779 801 2825 potest
828 2776 946 2815 etiam
974 2776 1078 2815 mala
1104 2776 1301 2823 nonnulla,
1342 2789 1442 2825 quae
1482 2776 1521 2813 in
1549 2775 1634 2824 ipsa
1661 2775 1816 2812 civitate
1843 2775 1931 2824 paci
1959 2775 2153 2814 obsistant
2193 2780 2243 2824 et,
2285 2791 2382 2828 quo-

221 2840 348 2881 minus
373 2841 583 2894 tranquillo
610 2841 740 2882 animo
768 2845 807 2883 et
830 2841 1030 2895 voluptate
1057 2842 1228 2896 quadam
1254 2842 1330 2883 illis
1357 2840 1568 2883 commodis
1594 2840 1670 2881 frui
1708 2840 1844 2890 liceat,
1885 2839 2118 2893 impediant,
2160 2842 2263 2884 unde
2304 2858 2382 2885 non

410 2999 438 3038 ¹)
461 3000 510 3031 Cf.
533 3000 683 3031 Leutsch.
707 3002 739 3031 in
762 3000 881 3032 Philol.
906 3002 966 3033 vol.
989 3002 1015 3033 1.
1044 3002 1125 3032 1846
1146 3011 1178 3042 p.
1202 3002 1265 3033 464

2104 3059 2123 3096 1
