2599 3290
223 268 312 311 Im
336 280 428 308 cum
453 265 700 318 Dicaeopolis
726 279 768 307 se
794 280 820 307 a
849 265 1033 306 concione
1057 263 1156 305 nihil
1181 267 1367 317 consequi
1390 278 1505 318 posse
1538 266 1757 318 intellegat,
1793 266 1904 307 illam
1938 266 2037 307 solvi
2062 268 2171 310 iubet
2202 273 2396 321 tanqum

225 337 277 378 ob
304 339 501 377 ostentum
526 348 562 374 v.
590 335 667 374 169
693 357 749 365 —-
773 348 807 376 v.
839 334 926 373 174.
935 334 967 382 ι)
1021 333 1211 374 Reversus
1249 334 1407 373 interim
1443 333 1738 374 Lacedaemone
1763 334 2023 387 Amphitheus
2063 335 2179 377 affert
2216 337 2395 380 inducias

215 401 546 456 quinquennales,
559 401 799 450 decennales,
820 400 1065 449 tricennales,
1087 414 1254 452 quarum
1270 415 1360 441 cnm
1381 401 1473 441 illae
1486 400 1643 439 navium
1656 406 1892 453 apparatum
1904 407 1945 443 ct
1969 402 2189 455 legatorum
2200 405 2253 446 ad
2265 407 2394 448 socios

223 469 424 512 missioms
432 468 612 521 prodant,
622 471 840 519 postremas
852 467 982 507 laetus
994 468 1138 519 accipit
1146 468 1402 521 Dicaeopolis,
1413 471 1453 508 et
1465 460 1533 509 rus
1542 468 1636 518 abit,
1646 472 1691 510 ut
1700 468 1885 521 Dionysia
1899 469 2078 522 celebret,
2089 486 2124 515 v,
2141 472 2218 514 196
2228 496 2246 503 -
2255 487 2290 514 v.
2299 475 2390 526 202,

220 550 457 590 mgnopere
470 537 634 588 gavisus,
647 536 752 587 quod
765 549 844 576 non
856 536 937 575 iam
948 535 1024 595 sibi
1036 535 1128 576 belli
1139 536 1293 577 labores
1306 536 1385 577 sint
1397 536 1598 585 subeundi,
1612 536 1870 589 Amphitheus
1884 551 1974 579 vero
1987 538 2088 592 fugit
2101 540 2383 594 Acharnenses,

218 606 289 658 qui
309 618 399 645 eum
420 605 615 656 persecuti
633 607 757 653 mant,
781 603 887 655 quod
906 603 1081 643 inducias
1103 603 1242 644 afferat
1263 617 1289 643 a
1302 603 1628 653 Lacedaemoniis,
1662 604 1803 655 quibus
1821 610 1983 657 propter
1995 608 2126 648 vineta
2139 608 2384 665 devastata&

163 695 171 700 ·
223 673 394 726 graviter
405 671 545 714 infensi
558 676 679 714 erant„
688 671 720 724 8)
753 671 868 713 Unde
881 671 994 713 facile
1007 672 1207 723 intellegis,
1221 685 1341 724 quam
1354 684 1455 712 vana
1467 671 1546 712 sint
1558 685 1693 712 eorum
1707 671 1822 723 dicta,
1835 673 1904 724 qui
1916 674 2086 726 singulas
2099 675 2215 718 huius
2228 677 2388 720 fabulae

218 745 354 795 putes
364 753 443 781 non
455 741 555 781 bene
568 740 776 804 cohaerere
788 752 916 792 neque
928 740 1109 792 deinceps
1123 753 1207 781 soee
1220 741 1398 793 excipere
1411 744 1551 793 putent
1561 740 1601 789 ς’)
1624 740 1837 781 clarissime
1850 741 2034 783 nimirum
2059 748 2177 786 antea
2197 745 2388 789 indicavit

225 809 505 860 Aristophanes
532 809 689 860 qualem
715 809 877 849 chorum
902 809 983 848 iam
1005 810 1048 847 in
1072 822 1230 849 scenam
1254 809 1468 859 producere
1495 809 1587 848 velit
1613 823 1648 851 v,
1678 809 1753 848 179
1781 822 1884 860 sqq.:
1913 812 2126 860 πρεσβῦταί
2157 827 2255 858 τινες

856 875 1086 929 Ἀχαρνικοί,
1113 878 1260 917 στιπτοὶ
1286 878 1456 929 γέροντες
1482 878 1640 929 πρίνινοι

850 945 1085 998 ἀτεράμονες
1108 943 1450 997 μαραθωνομοίχαι
1476 942 1761 996 σφενδάμνινοι.

409 1014 485 1062 Qui
510 1013 668 1065 quidem
694 1013 835 1053 chorus
862 1026 939 1064 quo
966 1013 1016 1052 sit
1043 1026 1138 1064 erga
1161 1025 1299 1065 pacem
1323 1013 1463 1061 animo,
1491 1013 1572 1052 iam
1597 1013 1862 1063 spectantibus
1889 1017 2102 1064 antequam
2126 1015 2211 1067 ipse
2237 1016 2383 1067 prodit,

220 1086 403 1134 apertum
429 1085 499 1121 est.
552 1080 692 1131 Itaque
718 1080 935 1131 procedunt
959 1094 993 1121 v,
1021 1081 1099 1121 204
1126 1082 1167 1120 ἐν
1192 1079 1349 1133 παρόδῳ
1376 1080 1654 1127 Acharnenses‚
1691 1081 1759 1130 qui
1784 1079 2064 1131 Amphitheum
2088 1081 2182 1133 fuga
2207 1082 2387 1135 elapsum

216 1152 423 1202 quaerunt,
448 1150 495 1188 ut
520 1147 571 1188 ab
599 1161 645 1188 eo
671 1161 817 1200 poenas
840 1151 1006 1198 sumant,
1034 1146 1348 1199 quandoquidem
1381 1147 1446 1188 ille
1471 1147 1607 1189 foedus
1644 1160 1732 1187 cum
1758 1148 2011 1189 atrocissimis
2036 1149 2168 1190 iniexit
2193 1149 2383 1201 hostibus,

217 1221 264 1258 ut
290 1217 425 1257 dicunt
448 1230 482 1256 v.
509 1217 605 1256 226:

620 1283 696 1325 οἷσι
723 1285 811 1336 παρ’
837 1286 932 1336 ἐμοῦ
959 1284 1125 1334 πόλεμος
1152 1276 1372 1340 ἓχθοδοπιὶς
1397 1284 1547 1331 αὔξεται
1574 1288 1653 1324 τῶν
1679 1286 1783 1335 ἐμῶν
1808 1288 1973 1336 χωρίων.

409 1353 559 1394 Deinde
585 1353 762 1393 incidunt
787 1353 829 1393 in
842 1353 1104 1405 Dicaeopolin,
1134 1354 1202 1405 qni
1228 1351 1516 1393 sacrificaturus
1543 1352 1624 1392 exit
1650 1351 1766 1392 domo
1795 1365 1883 1392 cum
1901 1366 2023 1393 uxore
2050 1352 2131 1393 filia
2161 1354 2383 1406 canephoro

215 1436 329 1464 servo
355 1422 531 1474 phanum
556 1425 739 1473 portante
766 1426 807 1461 et
831 1421 1043 1473 phallicum
1070 1422 1175 1461 canit
1201 1421 1372 1461 laetitiae
1399 1420 1573 1472 plenum,
1609 1421 1718 1471 pacis
1752 1420 1856 1460 bona
1891 1421 2121 1472 praedicans
2146 1445 2201 1452 —
2227 1438 2261 1463 v.
2288 1425 2383 1471 279,

217 1492 393 1539 Quorum
421 1502 540 1530 causa
564 1490 606 1529 in
631 1490 697 1538 eis,
725 1502 825 1540 quae
849 1490 1106 1538 antecedunt,
1139 1490 1235 1529 satis
1261 1489 1433 1528 indicata
1461 1491 1539 1536 est;
1581 1487 1740 1527 domum
1780 1489 1885 1528 enim
1910 1489 2072 1529 intravit
2110 1504 2145 1533 v.
2171 1491 2261 1541 202,
2302 1506 2384 1544 qna

215 1559 270 1600 ad
296 1556 529 1598 vocabulum
555 1556 661 1607 quod
688 1560 748 1595 est
775 1556 901 1596 εἰσιών
926 1557 1101 1596 animum
1126 1556 1241 1596 velim
1266 1555 1458 1603 attendas,
1485 1560 1530 1595 ut
1556 1569 1656 1606 quae
1683 1556 1736 1596 ad
1760 1556 1953 1607 primitias
1966 1557 2151 1610 Dionysio
2177 1559 2384 1602 solvendas

217 1625 437 1667 necessaria
476 1625 556 1665 sint
594 1628 777 1664 arcessat.
830 1624 916 1663 Iam
955 1625 1063 1665 vides
1102 1638 1192 1664 eum
1217 1623 1474 1675 prodeuntem
1509 1630 1629 1675 atque
1668 1625 1868 1676 proposita
1906 1631 2214 1677 persequentem.
2269 1628 2384 1676 Quod

218 1707 309 1736 vero
337 1696 454 1733 canat
479 1692 701 1745 phallicum‚
728 1705 777 1731 ne
804 1692 966 1742 mireris,
993 1692 1068 1733 hoc
1081 1693 1201 1733 moris
1226 1691 1344 1732 fuisse
1369 1692 1411 1731 in
1437 1691 1630 1743 Dionysiis
1656 1691 1812 1732 rusticis
1838 1696 1976 1732 notum
2002 1697 2081 1742 est3
2096 1694 2128 1742 ⁸)
2156 1696 2380 1737 comoediae

215 1766 352 1804 autem
377 1761 492 1801 huius
520 1761 679 1800 consilio
707 1760 852 1812 optime
878 1765 997 1812 atque
1023 1762 1135 1801 unice
1162 1762 1351 1809 convenit,
1378 1759 1483 1811 quod
1510 1759 1607 1800 illud
1627 1773 1784 1801 carmen
1809 1759 1859 1801 de
1885 1762 1995 1813 pacis
2008 1764 2250 1814 praestantia
2275 1768 2382 1817 agat,

216 1833 447 1885 Corripitur
464 1831 603 1871 deinde
630 1844 655 1870 a
681 1830 873 1869 bellicosis
900 1834 941 1869 et
966 1830 1124 1870 ultionis
1150 1829 1546 1869 Lacedaemoniorum
1572 1828 1722 1880 cupidis
1748 1829 1905 1869 senibus
1932 1830 2251 1883 Acharnensium,
2278 1835 2382 1875 occi-

215 1902 319 1943 suris
347 1915 436 1941 eum
462 1900 514 1940 ob
540 1899 733 1939 inducias:
760 1912 794 1938 v.
823 1899 921 1939 302:
951 1903 1023 1939 σοῦ
1051 1898 1086 1937 δ’
1113 1897 1184 1949 ἔγω
1212 1895 1348 1947 λόγους
1373 1899 1547 1947 λέγοντος
1574 1895 1645 1935 οὐκ
1675 1895 1895 1947 ἀκούσομαι
1921 1898 2105 1949 μακρούς,

960 1965 1064 2012 ὅστις
1091 1967 1252 2005 ἐσπείσω
1277 1964 1484 2010 Λάκωσιν,
1512 1961 1611 2001 eino?
1638 1963 1917 2013 τιμωρήσομαι,

218 2050 268 2078 ac
293 2036 356 2077 vel
381 2036 505 2087 magis
530 2035 654 2074 iratos
681 2034 811 2074 reddit
839 2047 905 2074 eos
933 2033 1170 2074 contendens
1197 2044 1276 2070 non
1301 2043 1372 2081 per
1399 2031 1529 2070 omnia
1569 2030 1752 2071 iniuriam
1778 2029 1925 2081 fecisse,
1966 2034 2037 2074 sed
2062 2047 2198 2086 passos
2224 2051 2379 2090 quoque

212 2118 300 2146 esse
326 2103 674 2150 Lacedaemonios3
715 2105 892 2141 attamen
919 2101 1019 2150 dolo,
1047 2114 1136 2140 cum
1164 2113 1231 2139 eos
1257 2101 1298 2139 in
1325 2112 1372 2139 ea
1399 2112 1441 2138 re
1468 2112 1569 2151 quae
1595 2099 1672 2138 illis
1698 2098 1900 2139 carissima
1924 2101 1978 2141 sit
2002 2101 2178 2153 lacessat,
2205 2105 2246 2145 id
2273 2110 2380 2148 certe

209 2174 265 2214 ab
290 2174 348 2213 eis
374 2173 569 2223 impetrat,
596 2176 642 2211 ut
668 2170 803 2210 audire
831 2183 920 2210 eum
946 2170 1066 2209 velint
1080 2169 1227 2209 cervice
1252 2170 1293 2207 in
1319 2173 1458 2207 trunco
1485 2167 1654 2207 lanionio
1667 2168 1796 2218 posita
1809 2168 2203 2211 Lacedaemoniorum
2217 2186 2376 2213 causam

211 2244 394 2293 agentem
421 2262 472 2269 —-
499 2253 532 2279 v.
561 2239 659 2287 365;
698 2237 741 2277 id
777 2236 884 2289 quod
911 2241 952 2277 et
976 2237 1029 2278 ad
1054 2237 1248 2277 actionem
1287 2239 1328 2276 et
1367 2235 1570 2275 consilium
1609 2234 1765 2276 fabulae
1806 2236 1953 2287 optime
1993 2239 2254 2290 excogitatum
2293 2254 2378 2282 esse

211 2309 325 2349 facile
338 2309 502 2360 quisque
527 2307 729 2358 intellegit.
784 2307 886 2345 Nam
912 2306 1082 2357 primum
1108 2304 1213 2356 quod
1240 2304 1294 2343 ad
1319 2303 1509 2343 actionem
1525 2303 1703 2355 pertinet,
1731 2315 1821 2343 cum
1834 2303 1994 2344 chorum
2009 2310 2127 2358 pocta
2152 2308 2193 2347 in
2220 2321 2378 2349 scenam

209 2376 449 2429 produxerit,
479 2375 547 2427 qui
573 2388 751 2414 aversum
776 2387 801 2413 a
827 2387 925 2425 pace
965 2372 1109 2412 habeat
1149 2372 1332 2419 animum,
1372 2370 1505 2410 fabula
1543 2371 1622 2410 iam
1661 2372 1717 2411 ita
1757 2372 1967 2423 procedere
2008 2373 2184 2424 debebat,
2224 2380 2269 2416 ut
2307 2376 2376 2417 ille

405 2535 434 2574 ¹)
457 2532 504 2566 cf.
528 2532 566 2566 C.
589 2533 627 2565 F.
648 2532 823 2564 Hermann.
846 2532 868 2564 1.
891 2541 919 2565 c.
943 2531 973 2571 ξ.
997 2532 1067 2568 128,
1095 2531 1144 2561 16.

403 2585 434 2624 ¹)
456 2584 507 2618 Cf.
527 2595 559 2618 v.
583 2586 645 2616 183
666 2584 734 2616 τῶν
757 2584 923 2626 ἀμπέλων
942 2584 1173 2626 τετμημένων.

403 2639 434 2678 ³)
457 2639 508 2671 cf.
530 2639 634 2671 Thac.
656 2639 688 2676 2,
711 2638 769 2670 20:
792 2636 826 2668 οἱ
842 2635 1023 2679 Ἀχαρνῆς,
1052 2637 1143 2676 μέγα
1164 2636 1268 2676 μέρος
1291 2631 1383 2668 ὄντες
1404 2635 1459 2673 τῆς
1486 2633 1635 2673 πόλεως,
1668 2635 1844 2675 τρισχίλιοι
1867 2631 1932 2674 γὰρ
1968 2631 2101 2663 ὁπλῖται
2124 2633 2295 2675 ἐγένοντο,
2332 2635 2373 2668 οὗ

211 2689 448 2733 περιόψεσθαι
472 2686 620 2721 ἐδόκουν
640 2687 681 2721 τὰ
704 2691 853 2730 σφέτερα
876 2689 1128 2730 διαφθαρέντα,
1159 2684 1227 2718 ἀλλ’
1255 2683 1419 2727 ὁρμήσειν
1439 2686 1497 2716 καὶ
1519 2684 1596 2719 τοὺς
1627 2681 1758 2718 πάντας
1779 2684 1813 2718 ἔς
1832 2682 1959 2726 μάχην.
2003 2685 2078 2718 coll.
2111 2687 2143 2725 2,
2175 2688 2237 2718 21:
2284 2689 2319 2719 οἵ
2338 2699 2372 2720 τε

204 2743 369 2785 Ἀχαρνῆς
391 2740 545 2785 οἰόμενοι
566 2739 659 2782 παρὰ
683 2743 807 2782 σφίσιν
829 2739 944 2773 αὐτοῖς
977 2738 1039 2771 οὐκ
1061 2739 1241 2779 ἐλαχίστην
1261 2740 1390 2779 μοῖραν
1410 2736 1497 2768 εἶναι
1516 2734 1717 2776 Ἀθηναίων,
1749 2733 1793 2769 ὡς
1813 2734 1927 2766 αὐτῶν
1947 2734 1967 2775 ἡ
1990 2738 2032 2777 γῆ
2055 2735 2224 2777 ἐτέμνετο,
2247 2738 2376 2780 ἔνὶγον

210 2793 272 2837 τὴν
293 2794 416 2832 ἔξοδον
436 2790 598 2836 μάλιστα.

402 2847 432 2887 ⁴)
454 2846 503 2879 cf.
524 2847 632 2884 Bode,
656 2846 776 2879 Geseb‘.
799 2847 831 2879 d.
853 2847 973 2879 hellen.
995 2845 1203 2877 Dichtkumt.
1235 2846 1296 2881 111,
1331 2845 1349 2874 2
1371 2855 1404 2883 p.
1426 2845 1506 2875 304:
1544 2842 1604 2873 der
1625 2841 1904 2880 zasammenhang
1937 2841 1995 2871 der
2019 2840 2151 2872 Seenen
2178 2843 2223 2873 ist
2243 2843 2372 2874 fieilieh

213 2910 275 2932 nur
295 2899 409 2931 locker
430 2899 496 2930 und
519 2898 760 2931 oberfliiehlieh.
804 2898 863 2930 Sie
887 2897 1080 2929 entwiekeln
1103 2886 1173 2929 'sich
1194 2897 1285 2928 nicht
1303 2897 1362 2927 mit
1382 2894 1669 2934 Nothwendigkeit
1691 2903 1749 2925 aus
1782 2892 1939 2925 einander
1946 2902 1958 2933 ;
1995 2893 2083 2924 denn
2112 2894 2160 2925 sie
2190 2894 2265 2926 sind
2285 2895 2376 2926 nicht

208 2952 371 2985 innerlich
392 2952 565 2983 motiviert.

402 3005 428 3042 ⁸)
456 3004 506 3036 Cf.
530 3003 567 3036 G.
589 3003 627 3036 F.
649 3003 826 3041 Hermann,
844 3002 964 3034 Lehrb.
986 3002 1018 3034 d.
1040 3001 1280 3041 gottesdienstl.
1300 2999 1441 3032 Alterth.
1464 2999 1496 3031 d.
1519 2997 1694 3032 Griechen.
1737 2997 1769 3036 ξ.
1792 2997 1844 3036 57,
1869 2998 1920 3031 17.

2065 3053 2119 3095 1*
