2599 3290
237 250 387 306 pm&
429 261 521 288 nm
547 247 603 287 sic
628 244 891 295 μεταβοῦλους
913 244 1186 296 explicandum
1221 248 1291 293 est„
1330 243 1438 295 quod
1483 247 1590 283 mete
1630 243 1861 295 significavit
1899 242 2019 285 schol.
2045 242 2120 294 ,hia
2155 243 2302 283 verbis:
2346 242 2404 283 ὅτι

236 318 386 370 ταχέως
410 315 662 367 μετανοοῦσιν
703 313 744 351 ἓν
770 309 828 360 οἷς
859 310 1120 361 βουλεύονται.
1172 311 1334 364 Legitur
1372 314 1507 352 autem
1546 310 1930 363 ἀποκρίνεσθαι
1968 322 2044 363 pro
2084 310 2403 363 &muretum-²)

236 386 358 428 afim
383 384 425 424 in
450 381 565 433 vesp.
580 381 669 430 951,
696 380 849 423 Thesm.
866 380 953 421 186.
993 379 1039 422 V.
1064 380 1142 421 631
1168 393 1241 432 pro
1268 378 1381 431 ἡμῶν.
1407 379 1613 431 legendum
1641 392 1725 420 esse
1750 379 1862 431 ὑμῶν
1886 383 2096 432 propterea
2123 378 2231 430 quod
2254 392 2292 421 v,
2311 380 2402 428 632,

238 454 329 502 633,
358 452 448 499 636,
474 449 551 489 637
577 452 618 489 et
642 449 698 488 eis
727 448 794 499 qui
819 451 1035 498 sequuntur
1059 448 1205 499 ubique
1231 446 1425 487 secundae
1450 460 1641 498 personae
1667 447 1898 498 pronomine
1922 451 2042 498 poeto.
2066 459 2161 486 usus
2186 447 2255 495 sit,
2289 446 2403 486 heile

236 518 437 569 intellegis.

423 583 575 624 Deinde
601 586 720 634 poeta
743 583 886 623 transit
910 582 964 623 nd
988 595 1081 623 suas
1106 582 1227 634 ipsius
1253 582 1417 622 virtutoe
1443 581 1744 634 praedicandas,
1773 594 1873 633 quse
1899 583 2066 623 maxime
2092 595 2140 623 eo
2166 594 2401 633 cognotam·

234 659 311 704 tur,
339 652 446 705 quod
469 651 571 691 cives
610 651 754 690 iustam
778 661 910 690 rerum
937 649 1197 690 conditionem
1223 649 1471 690 considerare
1507 654 1627 702 atque
1651 650 1786 691 inanes
1811 649 2012 690 honunum
2037 650 2295 691 barbarorum
2317 663 2400 691 ser»

235 734 370 769 menes
394 733 571 770 vanaque
597 719 788 769 promissa
820 717 1016 769 despicere
1056 721 1175 768 atque
1217 722 1466 758 contemnere
1505 718 1692 759 docuerit,
1746 718 1948 764 Quomodo
1988 721 2121 757 autem
2159 718 2234 757 hoc
2269 717 2399 766 facist,

234 790 321 843 ipss
345 788 425 829 iam
450 786 526 829 hae
547 785 681 826 fabula
707 785 878 827 ostendit
902 784 1079 838 exemplo
1107 784 1250 826 Theori
1276 799 1311 828 v,
1344 784 1421 827 134
1447 799 1544 838 sqq„
1572 786 1641 837 qui
1666 785 1720 826 ad
1747 785 1933 827 Sitalcam
1959 786 2100 827 missus
2126 789 2214 826 erat
2227 785 2399 837 lega-tus.

234 857 310 906 Qui
348 855 504 908 quidem
547 854 717 906 primum
755 852 1054 894 Atheniensibus
1102 865 1146 893 os
1197 853 1392 893 sublinere
1428 854 1562 894 studet
1606 853 1887 895 deditissimum
1923 854 2005 893 eius
2053 854 2157 905 regis
2201 866 2294 906 erga
2332 866 2399 894 eos

233 925 409 964 animum
433 922 663 974 praedicans
690 934 737 960 ac
763 920 923 961 blandis
947 920 1054 960 dicta
1079 920 1247 960 afferens
1272 935 1308 961 v.
1339 922 1416 962 142
1442 935 1547 973 sqq.:

808 1015 812 1019 -
868 991 929 1028 καὶ
957 990 1053 1040 δῆτα
1081 988 1336 1040 φιλαθήναιος
1361 985 1409 1040 ἦν
1436 988 1654 1040 ὑπερφυῶς,

869 1054 978 1107 ὑμῶν
1004 1054 1217 1108 τ’ἔραστὴς
1241 1050 1289 1109 ἦν
1319 1058 1479 1109 ἀληθῶς
1506 1056 1602 1098 ὥστε
1630 1060 1690 1098 καὶ

870 1128 910 1164 ἐν
938 1132 1037 1164 τοῖσι
1064 1127 1207 1175 τοίχοις
1233 1124 1376 1177 ἔγραφ’,
1402 1125 1600 1175 Ἀθηναῖοι
1628 1125 1790 1178 xa20122)

235 1195 355 1235 Cuius
381 1195 530 1244 generis
544 1193 650 1233 dicta
676 1192 751 1232 hoc
776 1192 861 1232 loco
888 1191 1163 1242 significantur,
1190 1204 1278 1231 cum
1305 1189 1399 1231 dicit
1427 1195 1545 1242 poeta
1570 1206 1604 1233 v.
1636 1194 1713 1232 633
1742 1206 1829 1232 cum
1849 1197 2074 1244 contemptu
2100 1192 2271 1245 quodam
2298 1195 2400 1234 cives

231 1264 407 1309 ξενικοῖσι
433 1261 558 1312 λόγοις
584 1260 711 1311 decipi
737 1273 778 1300 se
804 1272 938 1311 passos
966 1272 1060 1308 esse,
1087 1264 1299 1311 antequam
1327 1260 1378 1300 ab
1405 1260 1490 1311 ipso
1518 1260 1706 1300 admoniti
1733 1261 1821 1303 sint.
1864 1260 1940 1300 Hic
1953 1265 2085 1301 autem
2111 1261 2190 1301 alia
2213 1261 2400 1311 nonnulla

233 1327 499 1367 huiuscemodi
539 1328 645 1366 dicta
671 1331 957 1375 commemorat,
998 1340 1164 1378 quorum
1200 1327 1328 1379 lepide
1364 1328 1504 1366 statuit
1532 1326 1675 1378 gradus
1703 1327 1893 1379 quosdam
1927 1340 2001 1380 pro
2037 1327 2271 1369 adulationis
2297 1340 2398 1380 quae

232 1396 274 1436 in
300 1396 355 1436 eis
377 1395 481 1435 inest
506 1396 789 1446 magnitudine:
821 1409 914 1435 nam
940 1410 1017 1447 quo
1044 1397 1168 1436 maior
1202 1396 1320 1435 fuerit
1357 1395 1550 1444 adulatio,
1588 1409 1815 1447 quanquam
1850 1397 1902 1436 sit
1937 1396 1998 1436 vel
2033 1397 2201 1436 maxime
2234 1395 2398 1437 ridicula

229 1467 350 1516 atque
376 1464 519 1515 inepta,
547 1476 592 1504 eo
619 1462 768 1504 facilius
796 1477 862 1504 eos
888 1465 955 1515 qui
968 1464 1142 1505 dicerent
1155 1462 1346 1515 quidquid
1358 1463 1501 1504 vellent
1528 1477 1569 1504 se
1584 1468 1859 1504 consecuturos
1887 1477 1969 1504 esse
1982 1463 2014 1514 ⁸)
2041 1477 2199 1516 sperare
2211 1466 2396 1517 potuisse.

419 1531 505 1571 Iam
531 1532 705 1572 dicamus
732 1532 781 1571 de
807 1533 966 1583 singulis
993 1533 1048 1572 eis
1073 1544 1174 1583 quae
1200 1535 1419 1571 memoratu
1445 1530 1563 1582 digna
1599 1544 1681 1571 esse
1708 1531 1897 1571 videntur.
1951 1531 2027 1571 Pro
2055 1533 2204 1584 φασὶν
2238 1546 2273 1572 v.
2307 1535 2396 1583 633,

229 1601 336 1654 quod
363 1613 571 1653 operarum
599 1613 729 1640 errore
756 1599 820 1640 hic
845 1600 1038 1641 intrusum
1063 1613 1146 1641 esse
1172 1603 1278 1641 recte
1305 1601 1350 1641 A.
1366 1599 1576 1649 Meinecke‚
1603 1599 1799 1653 Aristoph.
1827 1599 2049 1641 comoediae
2073 1614 2111 1652 p.
2139 1600 2208 1641 LV
2233 1603 2393 1653 monuit,

230 1674 383 1724 φησὶν
408 1671 483 1710 erit
510 1670 765 1711 scribendum.
821 1670 970 1709 Deinde
998 1669 1104 1721 quod
1131 1668 1267 1708 eodem
1294 1679 1407 1707 versu
1433 1667 1474 1706 in
1500 1668 1609 1707 libris
1637 1671 1767 1707 exstat
1792 1667 1934 1715 ἄξιος
1968 1681 2037 1709 suo
2072 1670 2157 1709 iure
2185 1668 2393 1720 Dawesius,

229 1752 320 1777 cum
345 1738 387 1777 id
413 1737 488 1776 hoc
514 1737 600 1776 loco
628 1737 777 1776 nullum
803 1737 991 1788 praebeat
1015 1750 1180 1784 sensum,
1207 1735 1306 1773 duce
1332 1749 1366 1777 v,
1395 1735 1492 1774 641:
1526 1739 1676 1774 πολλῶν
1704 1736 1869 1786 α’γαθῶν
1895 1737 2027 1775 αἴτιο
2040 1751 2060 1782 ς
2084 1737 2173 1787 ὑμῖν
2203 1740 2392 1790 γεγένηται

229 1805 410 1856 correxit,
437 1804 626 1846 vocabulo
654 1804 759 1856 quod
786 1809 846 1846 est
871 1804 989 1854 αἴτιος
1013 1805 1133 1845 etiam
1159 1804 1222 1845 hic
1247 1805 1288 1845 in
1315 1803 1447 1845 sedem
1474 1816 1584 1844 suam
1610 1807 1802 1844 revocato.

300 1868 307 1874 '
426 1874 487 1911 Ex
523 1874 578 1911 eis
612 1885 712 1923 quae
747 1873 796 1911 de
833 1875 1007 1918 ξενικοῖσι
1040 1872 1164 1923 λόγοις
1202 1885 1324 1923 supra
1360 1871 1625 1922 exposuimus,
1672 1875 1838 1922 apparet
1873 1871 1992 1913 schol.
2030 1872 2082 1911 ad
2115 1885 2149 1911 v,
2178 1873 2257 1914 634
2294 1873 2393 1914 falso

241 1941 400 1992 quidem
427 1940 672 1992 explicuisse,
700 1953 789 1979 cum
818 1939 941 1978 dicat:
973 1941 1059 1978 α’ντὶ
1085 1942 1156 1977 τοῦ
1184 1940 1393 1991 ἀλλοτρίοις
1419 1941 1480 1977 καὶ
1506 1939 1561 1988 μή
1591 1938 1870 1988 προσήκουσιν,
1907 1943 2057 1978 rectam
2080 1952 2171 1979 vero
2198 1952 2282 1980 esse
2307 1953 2392 1981 eam

236 2023 356 2062 quam
382 2010 508 2050 addit:
535 2010 704 2056 ξενικοῖς,
729 2015 809 2055 τοῖς
836 2005 915 2047 α’πὸ
942 2009 1020 2047 τῶν
1048 2007 1163 2053 ξένων
1190 2007 1388 2059 πρέσβεων
1416 2006 1638 2057 λεγομένοις.

430 2078 507 2117 Pro
533 2076 829 2128 μήθ’-μήτ’
868 2089 903 2117 v,
939 2076 1016 2116 635
1045 2076 1090 2116 Α,
1118 2073 1295 2113 Meineke
1331 2073 1356 2112 l.
1390 2086 1421 2113 e.
1455 2075 1659 2124 proposuit
1700 2075 1989 2128 μήδ’-μήδ’
2027 2082 2147 2128 atque
2186 2089 2275 2117 cum
2315 2077 2393 2117 duo

244 2145 410 2195 articuli,
438 2146 505 2197 qui
532 2145 593 2185 his
619 2143 820 2196 particulis
846 2141 1053 2191 adduntur,
1081 2141 1236 2182 omnino
1259 2141 1363 2180 inter
1389 2154 1431 2181 se
1458 2154 1573 2192 pares
1599 2142 1687 2191 sint,
1715 2142 1818 2183 alter
1844 2144 1968 2185 altero
1990 2149 2145 2185 tantum
2171 2146 2393 2195 explicetur,

240 2213 318 2253 hoc
343 2225 438 2253 sane
463 2210 763 2264 praeferendum
788 2222 873 2250 esse
898 2209 1092 2258 videatur,
1127 2207 1360 2260 praesertim
1386 2220 1475 2247 cum
1501 2222 1536 2250 v.
1563 2209 1641 2249 657
1670 2223 1744 2261 sq.,
1782 2210 1923 2262 quibus
1949 2212 2085 2253 eadem
2111 2212 2281 2252 eiusdem
2307 2227 2393 2253 sen-

245 2282 393 2321 tentiae
419 2282 520 2321 ratio
548 2285 624 2329 est,
665 2280 772 2330 legas
799 2280 851 2318 οὕ
864 2301 917 2308 —
932 2279 1096 2318 0250*—
1112 2277 1214 2325 οὐδ’,
1249 2276 1356 2326 quod
1384 2278 1542 2327 quidem
1572 2292 1619 2317 ex
1646 2280 1682 2317 R
1710 2284 1751 2319 et
1776 2281 1881 2320 Suid.
1909 2282 1949 2320 in
1975 2280 2178 2319 ὑποτείνων
2203 2285 2308 2320 recte
2332 2295 2393 2321 re-

243 2349 427 2390 stitutum
456 2352 524 2398 est,
552 2360 645 2388 nam
670 2347 789 2388 etiam
815 2345 854 2387 h.
881 2345 907 2387 l.
935 2345 1042 2387 οὔθ’
1057 2369 1104 2376 -
1122 2344 1216 2386 οὔτ’
1242 2343 1445 2395 legebatur
1460 2347 1504 2398 ⁴).

429 2418 830 2463 Χαυνοπολίταςε
867 2414 914 2453 cf.
948 2415 1015 2454 Ar.
1049 2412 1151 2454 Nub.
1184 2425 1217 2452 v.
1247 2413 1326 2454 874
1362 2427 1418 2465 sq.
1453 2413 1594 2456 schoLt
1629 2415 1826 2465 χαύνωσιν
1860 2418 1901 2456 δὲ
1926 2416 1995 2468 τήν
2027 2415 2134 2456 λύσιν
2165 2419 2243 2456 τῶν
2270 2418 2394 2467 δικῶν,

241 2481 323 2524 οἷον
362 2483 516 2536 α’πιίτην
542 2485 603 2522 καὶ
629 2483 721 2522 κενοῖ
749 2482 903 2535 ῥήματα
933 2481 1191 2521 ἀναπείθοντα
1216 2482 1307 2529 τούς
1332 2482 1555 2532 ἀκούοντας.
1612 2483 1750 2534 Itaque
1786 2487 2055 2535 χαυνοπολΐται
2089 2484 2125 2524 ei
2158 2487 2248 2524 sunt
2282 2484 2394 2535 cives,

244 2553 313 2602 qui
340 2552 450 2591 vanis
477 2551 677 2590 hominum
702 2550 943 2590 sermonibus
967 2548 1143 2599 dolisque
1169 2548 1242 2588 sibi
1267 2550 1415 2601 imponi
1440 2551 1653 2602 patiuntur.

429 2673 457 2713 ¹)
482 2672 535 2706 cf.
557 2672 669 2705 Elmsl.
693 2672 736 2703 ad
756 2672 787 2703 h.
808 2672 831 2705 l.

429 2725 459 2763 ²)
482 2723 531 2756 Cf.
555 2724 659 2756 schol.
683 2725 725 2754 nd
749 2735 778 2756 v,
803 2725 873 2755 144.
896 2724 994 2753 Thac.
1016 2725 1045 2759 2,
1067 2725 1106 2753 29
1130 2723 1203 2754 coll.
1226 2725 1278 2755 67.

427 2776 458 2816 ³)
483 2776 538 2808 Sic
564 2778 647 2808 enim
669 2782 758 2808 recte
782 2778 869 2816 quod
890 2787 919 2809 v.
942 2778 1005 2808 640
1025 2777 1143 2816 legitur
1163 2775 1282 2818 ηὕρετο
1305 2777 1377 2807 πᾶν
1400 2773 1443 2806 ἂν
1466 2776 1652 2814 explicatur,
1681 2776 1829 2806 conferas
1852 2776 1956 2807 schol.
1978 2773 2054 2806 ἀντὶ
2075 2777 2135 2807 τοῦ
2157 2778 2229 2808 πᾶν
2251 2779 2397 2819 πρᾶγμα

238 2830 413 2868 κατορθοῖ.
458 2829 532 2859 Iure
555 2833 660 2859 autem
682 2830 733 2859 hic
757 2830 843 2869 quod
865 2830 893 2861 R
914 2834 948 2860 et
969 2828 1087 2860 Suidaa
1108 2830 1142 2860 iu
1164 2826 1263 2871 ἆφὺα
1284 2829 1396 2868 legunt
1426 2825 1539 2868 εὕρετο
1569 2835 1630 2867 pro
1662 2819 1736 2867 εὗρε
1759 2824 1797 2859 τὸ
1820 2827 2000 2858 restitutum
2023 2832 2082 2865 eat,
2105 2837 2179 2861 nam
2203 2837 2237 2861 et
2256 2831 2397 2864 medium

238 2889 341 2918 genus
363 2880 395 2914 h.
418 2882 439 2914 Ι.
463 2883 568 2921 aptius
591 2892 664 2913 esse
686 2887 719 2913 et
740 2883 874 2914 arficulo
897 2888 973 2914 ante
996 2883 1067 2912 πᾶν
1088 2892 1220 2914 censum
1241 2883 1343 2921 magis
1365 2881 1521 2920 implicari
1545 2890 1638 2919 quam
1662 2882 1818 2920 explicari
1839 2885 1985 2921 apparet.

427 2932 458 2973 ⁴)
479 2934 512 2967 V.
532 2934 615 2966 658:
648 2931 731 2966 οὐδὲ
761 2935 969 2976 πανουργῶν
990 2933 1028 2967 Β.
1057 2931 1139 2965 οὐδὲ
1160 2929 1349 2974 [κατάρδων
1369 2932 1408 2966 Β.
1454 2931 1637 2972 Legebatur
1671 2929 1743 2965 οὔτε
1776 2930 1958 2974 κατάρδων
1987 2936 2212 2968 consentiente
2234 2936 2336 2969 suida
2364 2940 2396 2969 in

235 2979 429 3024 κατάρδων.
474 2985 524 3017 Cf.
545 2986 692 3016 Dindors
709 2986 752 3017 nd
773 2988 804 3019 h.
825 2987 847 3019 1.
